@article{Chatrchyan:2011sx,
      author         = "Chatrchyan, Serguei and others",
      title          = "{Observation and studies of jet quenching in PbPb
                        collisions at nucleon-nucleon center-of-mass energy = 2.76
                        TeV}",
      collaboration  = "CMS",
      journal        = "Phys. Rev.",
      volume         = "C84",
      year           = "2011",
      pages          = "024906",
      doi            = "10.1103/PhysRevC.84.024906",
      eprint         = "1102.1957",
      archivePrefix  = "arXiv",
      primaryClass   = "nucl-ex",
      reportNumber   = "CERN-PH-EP-2011-001, CMS-HIN-10-004",
      SLACcitation   = "%%CITATION = ARXIV:1102.1957;%%"
}

@article{Chatrchyan:2013kwa,
      author         = "Chatrchyan, Serguei and others",
      title          = "{Modification of jet shapes in PbPb collisions at $\sqrt
                        {s_{NN}} = 2.76$ TeV}",
      collaboration  = "CMS",
      journal        = "Phys. Lett.",
      volume         = "B730",
      year           = "2014",
      pages          = "243-263",
      doi            = "10.1016/j.physletb.2014.01.042",
      eprint         = "1310.0878",
      archivePrefix  = "arXiv",
      primaryClass   = "nucl-ex",
      reportNumber   = "CERN-PH-EP-2013-189, CMS-HIN-12-002",
      SLACcitation   = "%%CITATION = ARXIV:1310.0878;%%"
}

@article{Chatrchyan:2014ava,
      author         = "Chatrchyan, Serguei and others",
      title          = "{Measurement of jet fragmentation in PbPb and pp
                        collisions at $\sqrt{s_{NN}}=2.76$ TeV}",
      collaboration  = "CMS",
      journal        = "Phys. Rev.",
      volume         = "C90",
      year           = "2014",
      number         = "2",
      pages          = "024908",
      doi            = "10.1103/PhysRevC.90.024908",
      eprint         = "1406.0932",
      archivePrefix  = "arXiv",
      primaryClass   = "nucl-ex",
      reportNumber   = "CMS-HIN-12-013, CERN-PH-EP-2014-100",
      SLACcitation   = "%%CITATION = ARXIV:1406.0932;%%"
}

@article{Adam:2015ewa,
      author         = "Adam, Jaroslav and others",
      title          = "{Measurement of jet suppression in central Pb-Pb
                        collisions at $\sqrt{s_{\rm NN}}$ = 2.76 TeV}",
      collaboration  = "ALICE",
      journal        = "Phys. Lett.",
      volume         = "B746",
      year           = "2015",
      pages          = "1-14",
      doi            = "10.1016/j.physletb.2015.04.039",
      eprint         = "1502.01689",
      archivePrefix  = "arXiv",
      primaryClass   = "nucl-ex",
      reportNumber   = "CERN-PH-EP-2015-023",
      SLACcitation   = "%%CITATION = ARXIV:1502.01689;%%"
}

%RAA alice
@article{Aamodt:2010jd,
      author         = "Aamodt, K. and others",
      title          = "{Suppression of Charged Particle Production at Large
                        Transverse Momentum in Central Pb-Pb Collisions at
                        $\sqrt{s_{NN}} =$ 2.76 TeV}",
      collaboration  = "ALICE",
      journal        = "Phys. Lett.",
      volume         = "B696",
      year           = "2011",
      pages          = "30-39",
      doi            = "10.1016/j.physletb.2010.12.020",
      eprint         = "1012.1004",
      archivePrefix  = "arXiv",
      primaryClass   = "nucl-ex",
      reportNumber   = "CERN-PH-EP-ALICE-2010-004",
      SLACcitation   = "%%CITATION = ARXIV:1012.1004;%%"
}


@article{Khachatryan:2016erx,
      author         = "Khachatryan, Vardan and others",
      title          = "{Correlations between jets and charged particles in PbPb
                        and pp collisions at $ \sqrt{s_{\mathrm{NN}}}=2.76 $ TeV}",
      collaboration  = "CMS",
      journal        = "JHEP",
      volume         = "02",
      year           = "2016",
      pages          = "156",
      doi            = "10.1007/JHEP02(2016)156",
      eprint         = "1601.00079",
      archivePrefix  = "arXiv",
      primaryClass   = "nucl-ex",
      reportNumber   = "CMS-HIN-14-016, CERN-PH-EP-2015-329",
      SLACcitation   = "%%CITATION = ARXIV:1601.00079;%%"
}

@article{PhysRevLett.106.122002,
  title = {Antiangular Ordering of Gluon Radiation in QCD Media},
  author = {Mehtar-Tani, Yacine and Salgado, Carlos A. and Tywoniuk, Konrad},
  journal = {Phys. Rev. Lett.},
  volume = {106},
  issue = {12},
  pages = {122002},
  numpages = {4},
  year = {2011},
  month = {Mar},
  publisher = {American Physical Society},
  doi = {10.1103/PhysRevLett.106.122002},
  url = {http://link.aps.org/doi/10.1103/PhysRevLett.106.122002}
}

@article{Renk:2010zx,
      author         = "Renk, Thorsten",
      title          = "{YaJEM: a Monte Carlo code for in-medium shower
                        evolution}",
      booktitle      = "{Jets in proton-proton and heavy-ion collisions.
                        Proceedings, International Workshop, Prague, Czech
                        Republic, August 12-14, 2010}",
      journal        = "Int. J. Mod. Phys.",
      volume         = "E20",
      year           = "2011",
      pages          = "1594-1599",
      doi            = "10.1142/S0218301311019933",
      eprint         = "1009.3740",
      archivePrefix  = "arXiv",
      primaryClass   = "hep-ph",
      SLACcitation   = "%%CITATION = ARXIV:1009.3740;%%"
}
@article{Armesto:2008qh,
      author         = "Armesto, N. and Cunqueiro, L. and Salgado, C. A.",
      title          = "{Implementation of a medium-modified parton shower
                        algorithm}",
      booktitle      = "{Proceedings, 3rd International Conference on Hard and
                        Electromagnetic Probes of High-Energy Nuclear Collisions
                        (Hard Probes 2008): Illa da Toxa, Spain, June 8-14, 2008}",
      journal        = "Eur. Phys. J.",
      volume         = "C61",
      year           = "2009",
      pages          = "775-778",
      doi            = "10.1140/epjc/s10052-008-0824-y",
      eprint         = "0809.4433",
      archivePrefix  = "arXiv",
      primaryClass   = "hep-ph",
      SLACcitation   = "%%CITATION = ARXIV:0809.4433;%%"
}

