%% This BibTeX bibliography file was created using BibDesk.
%% http://bibdesk.sourceforge.net/


%% Created for Räsänen Sami at 2017-09-20 11:52:43 +0300 


%% Saved with string encoding Unicode (UTF-8) 



@article{CasalderreySolana:2004qm,
	Author = {Casalderrey-Solana, J. and Shuryak, E. V. and Teaney, D.},
	Date-Added = {2017-09-20 08:50:35 +0000},
	Date-Modified = {2017-09-20 08:52:28 +0000},
	Journal = {J. Phys. Conf. Ser.},
	Pages = {22-31},
	Title = {Conical flow induced by quenched QCD jets},
	Volume = {27},
	Year = {2005}}

@article{PhysRevD.31.53,
	Author = {Danielewicz, P. and Gyulassy, M.},
	Doi = {10.1103/PhysRevD.31.53},
	Issue = {1},
	Journal = {Phys. Rev. D},
	Month = {Jan},
	Numpages = {0},
	Pages = {53--62},
	Publisher = {American Physical Society},
	Title = {{D}issipative phenomena in quark-gluon plasmas},
	Url = {http://link.aps.org/doi/10.1103/PhysRevD.31.53},
	Volume = {31},
	Year = {1985},
	Bdsk-Url-1 = {http://link.aps.org/doi/10.1103/PhysRevD.31.53},
	Bdsk-Url-2 = {http://dx.doi.org/10.1103/PhysRevD.31.53}}

@article{VonGersdorff:1986tqh,
	Author = {Von Gersdorff, H. and McLerran, Larry D. and Kataja, M. and Ruuskanen, P. V.},
	Doi = {10.1103/PhysRevD.34.794},
	Journal = {Phys. Rev.},
	Pages = {794},
	Reportnumber = {FERMILAB-PUB-86-013-T},
	Slaccitation = {%%CITATION = PHRVA,D34,794;%%},
	Title = {{Studies of the Hydrodynamic Evolution of Matter Produced in Fluctuations in anti-p p Collisions and in Ultrarelativistic Nuclear Collisions}},
	Volume = {D34},
	Year = {1986},
	Bdsk-Url-1 = {http://dx.doi.org/10.1103/PhysRevD.34.794}}

@article{Gyulassy:1994ew,
	Archiveprefix = {arXiv},
	Author = {Gyulassy, Miklos and Wang, Xin-Nian},
	Doi = {10.1016/0010-4655(94)90057-4},
	Eprint = {nucl-th/9502021},
	Journal = {Comput. Phys. Commun.},
	Pages = {307},
	Primaryclass = {nucl-th},
	Reportnumber = {LBL-34246},
	Slaccitation = {%%CITATION = NUCL-TH/9502021;%%},
	Title = {{HIJING 1.0: A Monte Carlo program for parton and particle production in high-energy hadronic and nuclear collisions}},
	Volume = {83},
	Year = {1994},
	Bdsk-Url-1 = {http://dx.doi.org/10.1016/0010-4655(94)90057-4}}

@article{Poskanzer:1998yz,
	Archiveprefix = {arXiv},
	Author = {Poskanzer, Arthur M. and Voloshin, S. A.},
	Doi = {10.1103/PhysRevC.58.1671},
	Eprint = {nucl-ex/9805001},
	Journal = {Phys. Rev.},
	Pages = {1671-1678},
	Primaryclass = {nucl-ex},
	Slaccitation = {%%CITATION = NUCL-EX/9805001;%%},
	Title = {{Methods for analyzing anisotropic flow in relativistic nuclear collisions}},
	Volume = {C58},
	Year = {1998},
	Bdsk-Url-1 = {http://dx.doi.org/10.1103/PhysRevC.58.1671}}

@article{Dellacasa:1999kf,
	Author = {Dellacasa, G. and others},
	Collaboration = {ALICE},
	Reportnumber = {CERN-LHCC-99-12},
	Slaccitation = {%%CITATION = CERN-LHCC-99-12;%%},
	Title = {{ALICE technical design report of the inner tracking system (ITS)}},
	Year = {1999}}

@article{Lin:2004en,
	Archiveprefix = {arXiv},
	Author = {Lin, Zi-Wei and Ko, Che Ming and Li, Bao-An and Zhang, Bin and Pal, Subrata},
	Doi = {10.1103/PhysRevC.72.064901},
	Eprint = {nucl-th/0411110},
	Journal = {Phys. Rev.},
	Pages = {064901},
	Primaryclass = {nucl-th},
	Slaccitation = {%%CITATION = NUCL-TH/0411110;%%},
	Title = {{A Multi-phase transport model for relativistic heavy ion collisions}},
	Volume = {C72},
	Year = {2005},
	Bdsk-Url-1 = {http://dx.doi.org/10.1103/PhysRevC.72.064901}}

@article{PhysRevLett.94.111601,
	Author = {Kovtun, P. K. and Son, D. T. and Starinets, A. O.},
	Doi = {10.1103/PhysRevLett.94.111601},
	Issue = {11},
	Journal = {Phys. Rev. Lett.},
	Month = {Mar},
	Numpages = {4},
	Pages = {111601},
	Publisher = {American Physical Society},
	Title = {{V}iscosity in {S}trongly {I}nteracting {Q}uantum {F}ield {T}heories from {B}lack {H}ole {P}hysics},
	Url = {http://link.aps.org/doi/10.1103/PhysRevLett.94.111601},
	Volume = {94},
	Year = {2005},
	Bdsk-Url-1 = {http://link.aps.org/doi/10.1103/PhysRevLett.94.111601},
	Bdsk-Url-2 = {http://dx.doi.org/10.1103/PhysRevLett.94.111601}}

@article{PhysRevLett.95.152301,
	Author = {Adams et al.},
	Collaboration = {STAR Collaboration},
	Comment = {mach},
	Doi = {10.1103/PhysRevLett.95.152301},
	Issue = {15},
	Journal = {Phys. Rev. Lett.},
	Month = {Oct},
	Numpages = {6},
	Pages = {152301},
	Publisher = {American Physical Society},
	Title = {{D}istributions of {C}harged {H}adrons {A}ssociated with {H}igh {T}ransverse {M}omentum {P}articles in $pp$ and $\mathrm{Au}+\mathrm{Au}$ {C}ollisions at $\sqrt{{s}_NN}=200\text{ }\text{ }\mathrm{GeV}$},
	Url = {http://link.aps.org/doi/10.1103/PhysRevLett.95.152301},
	Volume = {95},
	Year = {2005},
	Bdsk-Url-1 = {http://link.aps.org/doi/10.1103/PhysRevLett.95.152301},
	Bdsk-Url-2 = {http://dx.doi.org/10.1103/PhysRevLett.95.152301}}

@article{Lokhtin2006,
	Abstract = {The method to simulate the rescattering and energy loss of hard partons
	in ultrarelativistic heavy ion collisions has been developed. The
	model is a fast Monte Carlo tool introduced to modify a standard
	PYTHIA jet event. The full heavy ion event is obtained as a superposition
	of a soft hydro-type state and hard multi-jets. The model is applied
	to the analysis of the jet quenching pattern at RHIC.},
	Author = {Lokhtin, I. P. and Snigirev, A. M.},
	Doi = {10.1140/epjc/s2005-02426-3},
	Issn = {1434-6052},
	Journal = {The European Physical Journal C - Particles and Fields},
	Number = {1},
	Pages = {211--217},
	Title = {{A} model of jet quenching in ultrarelativistic heavy ion collisionsand high- p{T} hadron spectra at {RHIC}},
	Url = {http://dx.doi.org/10.1140/epjc/s2005-02426-3},
	Volume = {45},
	Year = {2006},
	Bdsk-Url-1 = {http://dx.doi.org/10.1140/epjc/s2005-02426-3}}

@article{PhysRevLett.97.052301,
	Author = {Adler et al.},
	Collaboration = {PHENIX Collaboration},
	Comment = {mach},
	Doi = {10.1103/PhysRevLett.97.052301},
	Issue = {5},
	Journal = {Phys. Rev. Lett.},
	Month = {Aug},
	Numpages = {6},
	Pages = {052301},
	Publisher = {American Physical Society},
	Title = {{D}ense-{M}edium {M}odifications to {J}et-{I}nduced {H}adron {P}air {D}istributions in $\mathrm{Au}+\mathrm{Au}$ {C}ollisions at $\sqrt{{s}_NN}=200\text{ }\text{ }\mathrm{GeV}$},
	Url = {http://link.aps.org/doi/10.1103/PhysRevLett.97.052301},
	Volume = {97},
	Year = {2006},
	Bdsk-Url-1 = {http://link.aps.org/doi/10.1103/PhysRevLett.97.052301},
	Bdsk-Url-2 = {http://dx.doi.org/10.1103/PhysRevLett.97.052301}}

@article{PhysRevLett.98.092301,
	Author = {Lacey, Roy A. and Ajitanand, N. N. and Alexander, J. M. and Chung, P. and Holzmann, W. G. and Issah, M. and Taranenko, A. and Danielewicz, P. and St\"ocker, Horst},
	Doi = {10.1103/PhysRevLett.98.092301},
	Issue = {9},
	Journal = {Phys. Rev. Lett.},
	Month = {Mar},
	Numpages = {4},
	Pages = {092301},
	Publisher = {American Physical Society},
	Title = {{H}as the {QCD} {C}ritical {P}oint {B}een {S}ignaled by {O}bservations at the {BNL} {R}elativistic {H}eavy {I}on {C}ollider?},
	Url = {http://link.aps.org/doi/10.1103/PhysRevLett.98.092301},
	Volume = {98},
	Year = {2007},
	Bdsk-Url-1 = {http://link.aps.org/doi/10.1103/PhysRevLett.98.092301},
	Bdsk-Url-2 = {http://dx.doi.org/10.1103/PhysRevLett.98.092301}}

@article{PhysRevLett.99.172301,
	Author = {Romatschke, Paul and Romatschke, Ulrike},
	Doi = {10.1103/PhysRevLett.99.172301},
	Issue = {17},
	Journal = {Phys. Rev. Lett.},
	Month = {Oct},
	Numpages = {4},
	Pages = {172301},
	Publisher = {American Physical Society},
	Title = {{V}iscosity {I}nformation from {R}elativistic {N}uclear {C}ollisions: {H}ow {P}erfect is the {F}luid {O}bserved at {RHIC}?},
	Url = {http://link.aps.org/doi/10.1103/PhysRevLett.99.172301},
	Volume = {99},
	Year = {2007},
	Bdsk-Url-1 = {http://link.aps.org/doi/10.1103/PhysRevLett.99.172301},
	Bdsk-Url-2 = {http://dx.doi.org/10.1103/PhysRevLett.99.172301}}

@article{PhysRevLett.101.082302,
	Author = {Xu, Zhe and Greiner, Carsten and St\"ocker, Horst},
	Doi = {10.1103/PhysRevLett.101.082302},
	Issue = {8},
	Journal = {Phys. Rev. Lett.},
	Month = {Aug},
	Numpages = {4},
	Pages = {082302},
	Publisher = {American Physical Society},
	Title = {{P}erturbative {QCD} {C}alculations of {E}lliptic {F}low and {S}hear {V}iscosity in $\mathrm{Au}+\mathrm{Au}$ {C}ollisions at $\sqrt{{s}_NN}=200\text{ }\text{ }\mathrm{GeV}$},
	Url = {http://link.aps.org/doi/10.1103/PhysRevLett.101.082302},
	Volume = {101},
	Year = {2008},
	Bdsk-Url-1 = {http://link.aps.org/doi/10.1103/PhysRevLett.101.082302},
	Bdsk-Url-2 = {http://dx.doi.org/10.1103/PhysRevLett.101.082302}}

@article{Armesto:2008qh,
	Archiveprefix = {arXiv},
	Author = {Armesto, N. and Cunqueiro, L. and Salgado, C. A.},
	Booktitle = {{Proceedings, 3rd International Conference on Hard and Electromagnetic Probes of High-Energy Nuclear Collisions (Hard Probes 2008): Illa da Toxa, Spain, June 8-14, 2008}},
	Doi = {10.1140/epjc/s10052-008-0824-y},
	Eprint = {0809.4433},
	Journal = {Eur. Phys. J.},
	Pages = {775-778},
	Primaryclass = {hep-ph},
	Slaccitation = {%%CITATION = ARXIV:0809.4433;%%},
	Title = {{Implementation of a medium-modified parton shower algorithm}},
	Volume = {C61},
	Year = {2009},
	Bdsk-Url-1 = {http://dx.doi.org/10.1140/epjc/s10052-008-0824-y}}

@article{Bouras:2010nt,
	Archiveprefix = {arXiv},
	Author = {Bouras, Ioannis and Molnar, Etele and Niemi, Harri and Xu, Zhe and El, Andrej and Fochler, Oliver and Lauciello, Francesco and Greiner, Carsten and Rischke, Dirk H.},
	Booktitle = {{Proceedings, 26th Winter Workshop on Nuclear Dynamics (WWND 2010): Ocho Rios, Jamaica, January 2-9, 2010}},
	Doi = {10.1088/1742-6596/230/1/012045},
	Eprint = {1004.4615},
	Journal = {J. Phys. Conf. Ser.},
	Pages = {012045},
	Primaryclass = {hep-ph},
	Slaccitation = {%%CITATION = ARXIV:1004.4615;%%},
	Title = {{Relativistic Shock Waves and Mach Cones in Viscous Gluon Matter}},
	Volume = {230},
	Year = {2010},
	Bdsk-Url-1 = {http://dx.doi.org/10.1088/1742-6596/230/1/012045}}

@article{Aamodt:2010jd,
	Archiveprefix = {arXiv},
	Author = {Aamodt, K. and others},
	Collaboration = {ALICE},
	Doi = {10.1016/j.physletb.2010.12.020},
	Eprint = {1012.1004},
	Journal = {Phys. Lett.},
	Pages = {30-39},
	Primaryclass = {nucl-ex},
	Reportnumber = {CERN-PH-EP-ALICE-2010-004},
	Slaccitation = {%%CITATION = ARXIV:1012.1004;%%},
	Title = {{Suppression of Charged Particle Production at Large Transverse Momentum in Central Pb-Pb Collisions at $\sqrt{s_NN} =$ 2.76 TeV}},
	Volume = {B696},
	Year = {2011},
	Bdsk-Url-1 = {http://dx.doi.org/10.1016/j.physletb.2010.12.020}}

@article{ALICE:2011ab,
	Archiveprefix = {arXiv},
	Author = {Aamodt, K. and others},
	Collaboration = {ALICE},
	Doi = {10.1103/PhysRevLett.107.032301},
	Eprint = {1105.3865},
	Journal = {Phys. Rev. Lett.},
	Pages = {032301},
	Primaryclass = {nucl-ex},
	Reportnumber = {CERN-PH-EP-2011-073},
	Slaccitation = {%%CITATION = ARXIV:1105.3865;%%},
	Title = {{Higher harmonic anisotropic flow measurements of charged particles in Pb-Pb collisions at $\sqrt{s_NN}$=2.76 TeV}},
	Volume = {107},
	Year = {2011},
	Bdsk-Url-1 = {http://dx.doi.org/10.1103/PhysRevLett.107.032301}}

@article{Bilandzic:2010jr,
	Archiveprefix = {arXiv},
	Author = {Bilandzic, Ante and Snellings, Raimond and Voloshin, Sergei},
	Doi = {10.1103/PhysRevC.83.044913},
	Eprint = {1010.0233},
	Journal = {Phys. Rev.},
	Pages = {044913},
	Primaryclass = {nucl-ex},
	Slaccitation = {%%CITATION = ARXIV:1010.0233;%%},
	Title = {{Flow analysis with cumulants: Direct calculations}},
	Volume = {C83},
	Year = {2011},
	Bdsk-Url-1 = {http://dx.doi.org/10.1103/PhysRevC.83.044913}}

@article{Chatrchyan:2011sx,
	Archiveprefix = {arXiv},
	Author = {Chatrchyan, Serguei and others},
	Collaboration = {CMS},
	Doi = {10.1103/PhysRevC.84.024906},
	Eprint = {1102.1957},
	Journal = {Phys. Rev.},
	Pages = {024906},
	Primaryclass = {nucl-ex},
	Reportnumber = {CERN-PH-EP-2011-001, CMS-HIN-10-004},
	Slaccitation = {%%CITATION = ARXIV:1102.1957;%%},
	Title = {{Observation and studies of jet quenching in PbPb collisions at nucleon-nucleon center-of-mass energy = 2.76 TeV}},
	Volume = {C84},
	Year = {2011},
	Bdsk-Url-1 = {http://dx.doi.org/10.1103/PhysRevC.84.024906}}

@article{PhysRevLett.106.122002,
	Author = {Mehtar-Tani, Yacine and Salgado, Carlos A. and Tywoniuk, Konrad},
	Doi = {10.1103/PhysRevLett.106.122002},
	Issue = {12},
	Journal = {Phys. Rev. Lett.},
	Month = {Mar},
	Numpages = {4},
	Pages = {122002},
	Publisher = {American Physical Society},
	Title = {{A}ntiangular {O}rdering of {G}luon {R}adiation in {QCD} {M}edia},
	Url = {http://link.aps.org/doi/10.1103/PhysRevLett.106.122002},
	Volume = {106},
	Year = {2011},
	Bdsk-Url-1 = {http://link.aps.org/doi/10.1103/PhysRevLett.106.122002},
	Bdsk-Url-2 = {http://dx.doi.org/10.1103/PhysRevLett.106.122002}}

@article{Renk:2010zx,
	Archiveprefix = {arXiv},
	Author = {Renk, Thorsten},
	Booktitle = {{Jets in proton-proton and heavy-ion collisions. Proceedings, International Workshop, Prague, Czech Republic, August 12-14, 2010}},
	Doi = {10.1142/S0218301311019933},
	Eprint = {1009.3740},
	Journal = {Int. J. Mod. Phys.},
	Pages = {1594-1599},
	Primaryclass = {hep-ph},
	Slaccitation = {%%CITATION = ARXIV:1009.3740;%%},
	Title = {{YaJEM: a Monte Carlo code for in-medium shower evolution}},
	Volume = {E20},
	Year = {2011},
	Bdsk-Url-1 = {http://dx.doi.org/10.1142/S0218301311019933}}

@article{Renk:2011gj,
	Archiveprefix = {arXiv},
	Author = {Renk, Thorsten and Holopainen, Hannu and Paatelainen, Risto and Eskola, Kari J.},
	Doi = {10.1103/PhysRevC.84.014906},
	Eprint = {1103.5308},
	Journal = {Phys. Rev.},
	Pages = {014906},
	Primaryclass = {hep-ph},
	Slaccitation = {%%CITATION = ARXIV:1103.5308;%%},
	Title = {{Systematics of the charged hadron $p_T$ spectrum and the nuclear suppression factor in heavy-ion collisions from $\sqrt{s}=200$ GeV to $\sqrt{s}=2.76$ TeV}},
	Volume = {C84},
	Year = {2011},
	Bdsk-Url-1 = {http://dx.doi.org/10.1103/PhysRevC.84.014906}}

@article{Bouras:2012mh,
	Archiveprefix = {arXiv},
	Author = {Bouras, I. and El, A. and Fochler, O. and Niemi, H. and Xu, Z. and Greiner, C.},
	Doi = {10.1016/j.physletb.2012.03.040, 10.1016/j.physletb.2013.11.059},
	Eprint = {1201.5005},
	Journal = {Phys. Lett.},
	Note = {[Erratum: Phys. Lett.B728,156(2014)]},
	Pages = {641-646},
	Primaryclass = {nucl-th},
	Slaccitation = {%%CITATION = ARXIV:1201.5005;%%},
	Title = {{Transition from ideal to viscous Mach cones in a kinetic transport approach}},
	Volume = {B710},
	Year = {2012},
	Bdsk-Url-1 = {http://dx.doi.org/10.1016/j.physletb.2012.03.040,%2010.1016/j.physletb.2013.11.059}}

@article{PhysRevC.86.044908,
	Author = {Teaney, D. and Yan, L.},
	Doi = {10.1103/PhysRevC.86.044908},
	Issue = {4},
	Journal = {Phys. Rev. C},
	Month = {Oct},
	Numpages = {11},
	Pages = {044908},
	Publisher = {American Physical Society},
	Title = {{N}onlinearities in the harmonic spectrum of heavy ion collisions with ideal and viscous hydrodynamics},
	Url = {http://link.aps.org/doi/10.1103/PhysRevC.86.044908},
	Volume = {86},
	Year = {2012},
	Bdsk-Url-1 = {http://link.aps.org/doi/10.1103/PhysRevC.86.044908},
	Bdsk-Url-2 = {http://dx.doi.org/10.1103/PhysRevC.86.044908}}

@article{Gale:2012rq,
	Archiveprefix = {arXiv},
	Author = {Gale, Charles and Jeon, Sangyong and Schenke, Bj{\"o}rn and Tribedy, Prithwish and Venugopalan, Raju},
	Doi = {10.1103/PhysRevLett.110.012302},
	Eprint = {1209.6330},
	Journal = {Phys. Rev. Lett.},
	Number = {1},
	Pages = {012302},
	Primaryclass = {nucl-th},
	Slaccitation = {%%CITATION = ARXIV:1209.6330;%%},
	Title = {{Event-by-event anisotropic flow in heavy-ion collisions from combined Yang-Mills and viscous fluid dynamics}},
	Volume = {110},
	Year = {2013},
	Bdsk-Url-1 = {http://dx.doi.org/10.1103/PhysRevLett.110.012302}}

@article{Luzum:2012wu,
	Archiveprefix = {arXiv},
	Author = {Luzum, Matthew and Ollitrault, Jean-Yves},
	Booktitle = {{Proceedings, 23rd International Conference on Ultrarelativistic Nucleus-Nucleus Collisions : Quark Matter 2012 (QM 2012): Washington, DC, USA, August 13-18, 2012}},
	Doi = {10.1016/j.nuclphysa.2013.02.028},
	Eprint = {1210.6010},
	Journal = {Nucl. Phys.},
	Pages = {377c-380c},
	Primaryclass = {nucl-th},
	Slaccitation = {%%CITATION = ARXIV:1210.6010;%%},
	Title = {{Extracting the shear viscosity of the quark-gluon plasma from flow in ultra-central heavy-ion collisions}},
	Volume = {A904-905},
	Year = {2013},
	Bdsk-Url-1 = {http://dx.doi.org/10.1016/j.nuclphysa.2013.02.028}}

@article{Aad:2014fla,
	Archiveprefix = {arXiv},
	Author = {Aad, Georges and others},
	Collaboration = {ATLAS},
	Doi = {10.1103/PhysRevC.90.024905},
	Eprint = {1403.0489},
	Journal = {Phys. Rev.},
	Number = {2},
	Pages = {024905},
	Primaryclass = {hep-ex},
	Reportnumber = {CERN-PH-EP-2014-021},
	Slaccitation = {%%CITATION = ARXIV:1403.0489;%%},
	Title = {{Measurement of event-plane correlations in $\sqrt{s_NN}=2.76$ TeV lead-lead collisions with the ATLAS detector}},
	Volume = {C90},
	Year = {2014},
	Bdsk-Url-1 = {http://dx.doi.org/10.1103/PhysRevC.90.024905}}

@article{Abelev:2013kqa,
	Archiveprefix = {arXiv},
	Author = {Abelev, B. and others},
	Collaboration = {ALICE},
	Doi = {10.1007/JHEP03(2014)013},
	Eprint = {1311.0633},
	Journal = {JHEP},
	Pages = {013},
	Primaryclass = {nucl-ex},
	Reportnumber = {CERN-PH-EP-2013-205},
	Slaccitation = {%%CITATION = ARXIV:1311.0633;%%},
	Title = {{Measurement of charged jet suppression in Pb-Pb collisions at $\sqrt{s_NN}$ = 2.76 TeV}},
	Volume = {03},
	Year = {2014},
	Bdsk-Url-1 = {http://dx.doi.org/10.1007/JHEP03(2014)013}}

@article{Burke:2013yra,
	Archiveprefix = {arXiv},
	Author = {Burke, Karen M. and others},
	Collaboration = {JET},
	Doi = {10.1103/PhysRevC.90.014909},
	Eprint = {1312.5003},
	Journal = {Phys. Rev.},
	Number = {1},
	Pages = {014909},
	Primaryclass = {nucl-th},
	Reportnumber = {NT-LBNL-13-011},
	Slaccitation = {%%CITATION = ARXIV:1312.5003;%%},
	Title = {{Extracting the jet transport coefficient from jet quenching in high-energy heavy-ion collisions}},
	Volume = {C90},
	Year = {2014},
	Bdsk-Url-1 = {http://dx.doi.org/10.1103/PhysRevC.90.014909}}

@article{Chatrchyan:2013kwa,
	Archiveprefix = {arXiv},
	Author = {Chatrchyan, Serguei and others},
	Collaboration = {CMS},
	Doi = {10.1016/j.physletb.2014.01.042},
	Eprint = {1310.0878},
	Journal = {Phys. Lett.},
	Pages = {243-263},
	Primaryclass = {nucl-ex},
	Reportnumber = {CERN-PH-EP-2013-189, CMS-HIN-12-002},
	Slaccitation = {%%CITATION = ARXIV:1310.0878;%%},
	Title = {{Modification of jet shapes in PbPb collisions at $\sqrt {s_NN} = 2.76$ TeV}},
	Volume = {B730},
	Year = {2014},
	Bdsk-Url-1 = {http://dx.doi.org/10.1016/j.physletb.2014.01.042}}

@article{Chatrchyan:2014ava,
	Archiveprefix = {arXiv},
	Author = {Chatrchyan, Serguei and others},
	Collaboration = {CMS},
	Doi = {10.1103/PhysRevC.90.024908},
	Eprint = {1406.0932},
	Journal = {Phys. Rev.},
	Number = {2},
	Pages = {024908},
	Primaryclass = {nucl-ex},
	Reportnumber = {CMS-HIN-12-013, CERN-PH-EP-2014-100},
	Slaccitation = {%%CITATION = ARXIV:1406.0932;%%},
	Title = {{Measurement of jet fragmentation in PbPb and pp collisions at $\sqrt{s_NN}=2.76$ TeV}},
	Volume = {C90},
	Year = {2014},
	Bdsk-Url-1 = {http://dx.doi.org/10.1103/PhysRevC.90.024908}}

@article{PhysRevC.90.024904,
	Author = {Bouras, I. and Betz, B. and Xu, Z. and Greiner, C.},
	Doi = {10.1103/PhysRevC.90.024904},
	Issue = {2},
	Journal = {Phys. Rev. C},
	Month = {Aug},
	Numpages = {9},
	Pages = {024904},
	Publisher = {American Physical Society},
	Title = {{M}ach cones in viscous heavy-ion collisions},
	Url = {http://link.aps.org/doi/10.1103/PhysRevC.90.024904},
	Volume = {90},
	Year = {2014},
	Bdsk-Url-1 = {http://link.aps.org/doi/10.1103/PhysRevC.90.024904},
	Bdsk-Url-2 = {http://dx.doi.org/10.1103/PhysRevC.90.024904}}

@article{Tachibana:2014lja,
	Archiveprefix = {arXiv},
	Author = {Tachibana, Yasuki and Hirano, Tetsufumi},
	Doi = {10.1103/PhysRevC.90.021902},
	Eprint = {1402.6469},
	Journal = {Phys. Rev.},
	Number = {2},
	Pages = {021902},
	Primaryclass = {nucl-th},
	Reportnumber = {RIKEN-QHP-116},
	Slaccitation = {%%CITATION = ARXIV:1402.6469;%%},
	Title = {{Momentum transport away from a jet in an expanding nuclear medium}},
	Volume = {C90},
	Year = {2014},
	Bdsk-Url-1 = {http://dx.doi.org/10.1103/PhysRevC.90.021902}}

@article{Abelev:2014pua,
	Archiveprefix = {arXiv},
	Author = {Abelev, Betty Bezverkhny and others},
	Collaboration = {ALICE},
	Doi = {10.1007/JHEP06(2015)190},
	Eprint = {1405.4632},
	Journal = {JHEP},
	Pages = {190},
	Primaryclass = {nucl-ex},
	Reportnumber = {CERN-PH-EP-2014-104},
	Slaccitation = {%%CITATION = ARXIV:1405.4632;%%},
	Title = {{Elliptic flow of identified hadrons in Pb-Pb collisions at $\sqrt{s_{\rm NN}}=2.76$~TeV}},
	Volume = {06},
	Year = {2015},
	Bdsk-Url-1 = {http://dx.doi.org/10.1007/JHEP06(2015)190}}

@article{Adam:2015ewa,
	Archiveprefix = {arXiv},
	Author = {Adam, Jaroslav and others},
	Collaboration = {ALICE},
	Doi = {10.1016/j.physletb.2015.04.039},
	Eprint = {1502.01689},
	Journal = {Phys. Lett.},
	Pages = {1-14},
	Primaryclass = {nucl-ex},
	Reportnumber = {CERN-PH-EP-2015-023},
	Slaccitation = {%%CITATION = ARXIV:1502.01689;%%},
	Title = {{Measurement of jet suppression in central Pb-Pb collisions at $\sqrt{s_{\rm NN}}$ = 2.76 TeV}},
	Volume = {B746},
	Year = {2015},
	Bdsk-Url-1 = {http://dx.doi.org/10.1016/j.physletb.2015.04.039}}

@article{Bhalerao:2014xra,
	Archiveprefix = {arXiv},
	Author = {Bhalerao, Rajeev S. and Ollitrault, Jean-Yves and Pal, Subrata},
	Doi = {10.1016/j.physletb.2015.01.019},
	Eprint = {1411.5160},
	Journal = {Phys. Lett.},
	Pages = {94-98},
	Primaryclass = {nucl-th},
	Reportnumber = {SACLAY-T14-233},
	Slaccitation = {%%CITATION = ARXIV:1411.5160;%%},
	Title = {{Characterizing flow fluctuations with moments}},
	Volume = {B742},
	Year = {2015},
	Bdsk-Url-1 = {http://dx.doi.org/10.1016/j.physletb.2015.01.019}}

@article{He:2015pra,
	Archiveprefix = {arXiv},
	Author = {He, Yayun and Luo, Tan and Wang, Xin-Nian and Zhu, Yan},
	Doi = {10.1103/PhysRevC.91.054908},
	Eprint = {1503.03313},
	Journal = {Phys. Rev.},
	Pages = {054908},
	Primaryclass = {nucl-th},
	Slaccitation = {%%CITATION = ARXIV:1503.03313;%%},
	Title = {{Linear Boltzmann Transport for Jet Propagation in the Quark-Gluon Plasma: Elastic Processes and Medium Recoil}},
	Volume = {C91},
	Year = {2015},
	Bdsk-Url-1 = {http://dx.doi.org/10.1103/PhysRevC.91.054908}}

@article{Zimmermann:2015owa,
	Archiveprefix = {arXiv},
	Author = {Zimmermann, Markus},
	Booktitle = {{Proceedings, 16th International workshop on Advanced Computing and Analysis Techniques in physics (ACAT 14): Prague, Czech Republic, September 1-5, 2014}},
	Collaboration = {ALICE},
	Doi = {10.1088/1742-6596/608/1/012019},
	Eprint = {1502.06381},
	Journal = {J. Phys. Conf. Ser.},
	Number = {1},
	Pages = {012019},
	Primaryclass = {hep-ex},
	Slaccitation = {%%CITATION = ARXIV:1502.06381;%%},
	Title = {{The ALICE analysis train system}},
	Volume = {608},
	Year = {2015},
	Bdsk-Url-1 = {http://dx.doi.org/10.1088/1742-6596/608/1/012019}}

@article{ALICE:2016kpq,
	Archiveprefix = {arXiv},
	Author = {Adam, Jaroslav and others},
	Collaboration = {ALICE},
	Eprint = {1604.07663},
	Primaryclass = {nucl-ex},
	Reportnumber = {CERN-EP-2016-102},
	Slaccitation = {%%CITATION = ARXIV:1604.07663;%%},
	Title = {{Correlated event-by-event fluctuations of flow harmonics in Pb-Pb collisions at $\sqrt{s_{_{\rm NN}}}=2.76$ TeV}},
	Year = {2016}}

@article{Khachatryan:2016erx,
	Archiveprefix = {arXiv},
	Author = {Khachatryan, Vardan and others},
	Collaboration = {CMS},
	Doi = {10.1007/JHEP02(2016)156},
	Eprint = {1601.00079},
	Journal = {JHEP},
	Pages = {156},
	Primaryclass = {nucl-ex},
	Reportnumber = {CMS-HIN-14-016, CERN-PH-EP-2015-329},
	Slaccitation = {%%CITATION = ARXIV:1601.00079;%%},
	Title = {{Correlations between jets and charged particles in PbPb and pp collisions at $ \sqrt{s_{\mathrmNN}}=2.76 $ TeV}},
	Volume = {02},
	Year = {2016},
	Bdsk-Url-1 = {http://dx.doi.org/10.1007/JHEP02(2016)156}}

@article{Khachatryan:2016tfj,
	Archiveprefix = {arXiv},
	Author = {Khachatryan, Vardan and others},
	Collaboration = {CMS},
	Eprint = {1609.02466},
	Primaryclass = {nucl-ex},
	Reportnumber = {CMS-HIN-15-011, CERN-EP-2016-199},
	Slaccitation = {%%CITATION = ARXIV:1609.02466;%%},
	Title = {{Decomposing transverse momentum balance contributions for quenched jets in PbPb collisions at sqrt(s[NN]) = 2.76 TeV}},
	Year = {2016}}

@article{Niemi:2015qia,
	Archiveprefix = {arXiv},
	Author = {Niemi, H. and Eskola, K. J. and Paatelainen, R.},
	Doi = {10.1103/PhysRevC.93.024907},
	Eprint = {1505.02677},
	Journal = {Phys. Rev.},
	Number = {2},
	Pages = {024907},
	Primaryclass = {hep-ph},
	Slaccitation = {%%CITATION = ARXIV:1505.02677;%%},
	Title = {{Event-by-event fluctuations in a perturbative QCD + saturation + hydrodynamics model: Determining QCD matter shear viscosity in ultrarelativistic heavy-ion collisions}},
	Volume = {C93},
	Year = {2016},
	Bdsk-Url-1 = {http://dx.doi.org/10.1103/PhysRevC.93.024907}}

@article{Tachibana:2015qxa,
	Archiveprefix = {arXiv},
	Author = {Tachibana, Yasuki and Hirano, Tetsufumi},
	Doi = {10.1103/PhysRevC.93.054907},
	Eprint = {1510.06966},
	Journal = {Phys. Rev.},
	Number = {5},
	Pages = {054907},
	Primaryclass = {nucl-th},
	Reportnumber = {RIKEN-QHP-204},
	Slaccitation = {%%CITATION = ARXIV:1510.06966;%%},
	Title = {{Interplay between Mach cone and radial expansion and its signal in γ-jet events}},
	Volume = {C93},
	Year = {2016},
	Bdsk-Url-1 = {http://dx.doi.org/10.1103/PhysRevC.93.054907}}
