% This file was created with JabRef 2.7.2.
% Encoding: ISO8859_1

@ARTICLE{Acharya:2017goa,
  author = {Acharya, Shreyasi and others},
  title = {{First measurement of jet mass in Pb-Pb and p-Pb collisions at the
	LHC}},
  year = {2017},
  archiveprefix = {arXiv},
  collaboration = {ALICE},
  comment = {http://aliceinfo.cern.ch/ArtSubmission/node/3366 Beosmu Beomkyu},
  eprint = {1702.00804},
  file = {:/Users/janrak/papers/LHC/ALICE/JetMass-1702.00804.pdf:PDF},
  primaryclass = {nucl-ex},
  reportnumber = {CERN-EP-2017-016},
  slaccitation = {%%CITATION = ARXIV:1702.00804;%%}
}

@ARTICLE{Adam:2017ucq,
  author = {Adam, Jaroslav and others},
  title = {{Flow dominance and factorization of transverse momentum correlations
	in Pb-Pb collisions at the LHC}},
  year = {2017},
  archiveprefix = {arXiv},
  collaboration = {ALICE},
  comment = {P2 correltions},
  eprint = {1702.02665},
  file = {:/Users/janrak/papers/LHC/ALICE/P2-1702.02665.pdf:PDF},
  primaryclass = {nucl-ex},
  reportnumber = {CERN-EP-2017-021},
  slaccitation = {%%CITATION = ARXIV:1702.02665;%%}
}

@ARTICLE{Adam:2016iwf,
  author = {Adam, Jaroslav and others},
  title = {{Insight into particle production mechanisms via angular correlations
	of identified particles in pp collisions at $\sqrt{s}=7$ TeV}},
  year = {2016},
  archiveprefix = {arXiv},
  collaboration = {ALICE},
  comment = {interesitng},
  eprint = {1612.08975},
  file = {:/Users/janrak/papers/LHC/ALICE/baryon-anticorrel-1612.08975v1.pdf:PDF},
  primaryclass = {nucl-ex},
  reportnumber = {CERN-EP-2016-322},
  slaccitation = {%%CITATION = ARXIV:1612.08975;%%}
}

@ARTICLE{Adam:2016jfp,
  author = {Adam, Jaroslav and others},
  title = {{Centrality dependence of charged jet production in p-Pb collisions
	at $\sqrt{s_\mathrmNN}$ = 5.02 TeV}},
  journal = {Eur. Phys. J.},
  year = {2016},
  volume = {C76},
  pages = {271},
  number = {5},
  archiveprefix = {arXiv},
  collaboration = {ALICE},
  doi = {10.1140/epjc/s10052-016-4107-8},
  eprint = {1603.03402},
  file = {:/Users/janrak/papers/LHC/ALICE/pPb/jetsCH-1603.03402v1.pdf:PDF},
  primaryclass = {nucl-ex},
  reportnumber = {CERN-PH-EP-2016-052, CERN-EP-2016-052},
  slaccitation = {%%CITATION = ARXIV:1603.03402;%%}
}

@ARTICLE{Adam:2016xbp,
  author = {Adam, Jaroslav and others},
  title = {{Jet-like correlations with neutral pion triggers in pp and central
	Pb-Pb collisions at 2.76 TeV}},
  journal = {Phys. Lett.},
  year = {2016},
  volume = {B763},
  pages = {238-250},
  archiveprefix = {arXiv},
  collaboration = {ALICE},
  comment = {pi0 IAA Marton analysis.},
  doi = {10.1016/j.physletb.2016.10.048},
  eprint = {1608.07201},
  file = {:/Users/janrak/papers/LHC/ALICE/PbPb/pi0IAA-1608.07201.pdf:PDF},
  primaryclass = {nucl-ex},
  reportnumber = {CERN-EP-2016-195},
  slaccitation = {%%CITATION = ARXIV:1608.07201;%%}
}

@ARTICLE{Abelev2015,
  author = {Abelev, Betty Bezverkhny and others},
  title = {{M}easurement of jet suppression in central {P}b-{P}b collisions
	at s{NN} = 2.76 {T}e{V}},
  year = {2015},
  collaboration = {ALICE Collaboration},
  comment = {jet RAA},
  eprint = {1502.01689},
  file = {:/Users/janrak/papers/LHC/ALICE/PbPb/jet_RAA_1502.01689v1.pdf:PDF},
  owner = {janrak},
  primaryclass = {nucl-ex},
  timestamp = {2015.02.06}
}

@ARTICLE{Abelev:2014pua,
  author = {Abelev, Betty Bezverkhny and others},
  title = {{Elliptic flow of identified hadrons in Pb-Pb collisions at $ \sqrt{s_{\mathrmNN}}=2.76
	$ TeV}},
  journal = {JHEP},
  year = {2015},
  volume = {06},
  pages = {190},
  archiveprefix = {arXiv},
  collaboration = {ALICE},
  doi = {10.1007/JHEP06(2015)190},
  eprint = {1405.4632},
  owner = {janrak},
  primaryclass = {nucl-ex},
  reportnumber = {CERN-PH-EP-2014-104},
  slaccitation = {%%CITATION = ARXIV:1405.4632;%%},
  timestamp = {2015.09.22}
}

@ARTICLE{Adam:2015hoa,
  author = {Adam, Jaroslav and others},
  title = {{Measurement of charged jet production cross sections and nuclear
	modification in p-Pb collisions at $\sqrt{s_\rmNN} = 5.02$ TeV}},
  journal = {Phys. Lett.},
  year = {2015},
  volume = {B749},
  pages = {68-81},
  archiveprefix = {arXiv},
  collaboration = {ALICE},
  doi = {10.1016/j.physletb.2015.07.054},
  eprint = {1503.00681},
  file = {:/Users/janrak/papers/LHC/ALICE/pPb/jetCH-1503.00681v2.pdf:PDF},
  primaryclass = {nucl-ex},
  reportnumber = {CERN-PH-EP-2015-040},
  slaccitation = {%%CITATION = ARXIV:1503.00681;%%}
}

@ARTICLE{Adam:2015iga,
  author = {Adam, Jaroslav and others},
  title = {{Rapidity and transverse-momentum dependence of the inclusive J/$\mathbf{\psi}$
	nuclear modification factor in p-Pb collisions at $\mathbf{\sqrt{\textit{s}_NN}}=5.02$
	TeV}},
  year = {2015},
  archiveprefix = {arXiv},
  collaboration = {ALICE},
  comment = {jPsi suppression in p--Pb},
  eprint = {1503.07179},
  file = {:/Users/janrak/papers/LHC/ALICE/pPb/jPsi-1503.07179v1.pdf:PDF},
  primaryclass = {nucl-ex},
  reportnumber = {CERN-PH-EPâ2015-030},
  slaccitation = {%%CITATION = ARXIV:1503.07179;%%},
  timestamp = {2015.03.26}
}

@ARTICLE{Adam:2015ota,
  author = {Adam, Jaroslav and others},
  title = {{Measurement of charm and beauty production at central rapidity versus
	charged-particle multiplicity in proton-proton collisions at $\mathbf{\sqrt{{\textit
	s}}}=7$ TeV}},
  year = {2015},
  archiveprefix = {arXiv},
  collaboration = {ALICE},
  comment = {Charm prod pp increas with multiplicity},
  eprint = {1505.00664},
  file = {:/Users/janrak/papers/LHC/ALICE/Charm-1505.00664v1.pdf:PDF},
  primaryclass = {nucl-ex},
  reportnumber = {CERN-PH-EP-2015-091},
  slaccitation = {%%CITATION = ARXIV:1505.00664;%%}
}

@ARTICLE{Adam:2015pna,
  author = {Adam, Jaroslav and others},
  title = {{Precision measurement of the mass difference between light nuclei
	and anti-nuclei}},
  journal = {Nature Phys.},
  year = {2015},
  archiveprefix = {arXiv},
  collaboration = {ALICE},
  comment = {nature},
  doi = {10.1038/nphys3432},
  eprint = {1508.03986},
  file = {:/Users/janrak/papers/LHC/ALICE/PbPb/antimatter-1508.03986.pdf:PDF;:/Users/janrak/papers/LHC/ALICE/PbPb/antimatter-nature-nphys3432.pdf:PDF},
  primaryclass = {nucl-ex},
  reportnumber = {CERN-PH-EP-2015-035, ALICE-PUBLIC-2015-002},
  slaccitation = {%%CITATION = ARXIV:1508.03986;%%}
}

@ARTICLE{Adam:2015ptt,
  author = {Adam, Jaroslav and others},
  title = {{Centrality dependence of the charged-particle multiplicity density
	at mid-rapidity in Pb-Pb collisions at $\sqrt{s_{\rm NN}}$ = 5.02
	TeV}},
  year = {2015},
  archiveprefix = {arXiv},
  collaboration = {ALICE},
  comment = {2016},
  eprint = {1512.06104},
  file = {:/Users/janrak/papers/LHC/ALICE/PbPb/2016-1512.06104.pdf:PDF},
  primaryclass = {nucl-ex},
  reportnumber = {CERN-PH-EP-2015-324},
  slaccitation = {%%CITATION = ARXIV:1512.06104;%%},
  timestamp = {2016.01.18}
}

@ARTICLE{Adam:2015pza,
  author = {Adam, Jaroslav and others},
  title = {{Pseudorapidity and transverse-momentum distributions of charged
	particles in proton-proton collisions at $\mathbf{\sqrt{\textit s}}$
	= 13 TeV}},
  year = {2015},
  archiveprefix = {arXiv},
  collaboration = {ALICE},
  comment = {RUN2 pp 13 tev mult pT},
  eprint = {1509.08734},
  file = {:/Users/janrak/papers/LHC/ALICE/RUN2/pp-pT-1509.08734.pdf:PDF},
  primaryclass = {nucl-ex},
  reportnumber = {CERN-PH-EP-2015-270},
  slaccitation = {%%CITATION = ARXIV:1509.08734;%%}
}

@ARTICLE{Adam:2015rba,
  author = {Adam, Jaroslav and others},
  title = {{Inclusive, prompt and non-prompt J/$\psi$ production at mid-rapidity
	in Pb-Pb collisions at $\sqrt{s_{\rm NN}}$ = 2.76 TeV}},
  journal = {JHEP},
  year = {2015},
  volume = {07},
  pages = {051},
  archiveprefix = {arXiv},
  collaboration = {ALICE},
  doi = {10.1007/JHEP07(2015)051},
  eprint = {1504.07151},
  primaryclass = {nucl-ex},
  reportnumber = {CERN-PH-EP-2015-092},
  slaccitation = {%%CITATION = ARXIV:1504.07151;%%}
}

@ARTICLE{Adam:2015vda,
  author = {Adam, Jaroslav and others},
  title = {{Production of light nuclei and anti-nuclei in pp and Pb-Pb collisions
	at LHC energies}},
  year = {2015},
  archiveprefix = {arXiv},
  collaboration = {ALICE},
  comment = {anti-particles},
  eprint = {1506.08951},
  file = {:/Users/janrak/papers/LHC/ALICE/light_nucl_1506.08951.pdf:PDF},
  primaryclass = {nucl-ex},
  reportnumber = {CERN-PH-EP-2015-025},
  slaccitation = {%%CITATION = ARXIV:1506.08951;%%}
}

@ARTICLE{Adam:2015xea,
  author = {Adam, Jaroslav and others},
  title = {{Measurement of dijet $\mathbf{{\textit{k}}_T}$ in p-Pb collisions
	at $\mathbf{\sqrt{{\textit{s}}_NN}=5.02}$ TeV}},
  journal = {Phys. Lett.},
  year = {2015},
  volume = {B746},
  pages = {385-395},
  archiveprefix = {arXiv},
  collaboration = {ALICE Collaboration},
  comment = {Marta kT rubbish},
  doi = {10.1016/j.physletb.2015.05.033},
  eprint = {1503.03050},
  file = {:/Users/janrak/papers/LHC/ALICE/pPb/kT_1503.03050.pdf:PDF},
  primaryclass = {nucl-ex},
  reportnumber = {CERN-PH-EP-2015-041},
  slaccitation = {%%CITATION = ARXIV:1503.03050;%%}
}

@ARTICLE{ALICE:2014dla,
  author = {Abelev, Betty Bezverkhny and others},
  title = {{Charged jet cross sections and properties in proton-proton collisions
	at $\sqrt{s}$ = 7 TeV}},
  journal = {Phys. Rev.},
  year = {2015},
  volume = {D91},
  pages = {112012},
  number = {11},
  archiveprefix = {arXiv},
  collaboration = {ALICE},
  doi = {10.1103/PhysRevD.91.112012},
  eprint = {1411.4969},
  primaryclass = {nucl-ex},
  reportnumber = {CERN-PH-EP-2014-254},
  slaccitation = {%%CITATION = ARXIV:1411.4969;%%}
}

@ARTICLE{Hilden2015113,
  author = {T. Hilden and E. Brucken and J. Heino and M. Kalliokoski and A. Karadzhinova
	and R. Lauhakangas and E. Tuominen and R. Turpeinen},
  title = {{O}ptical quality assurance of \{GEM\} foils },
  journal = {Nuclear Instruments and Methods in Physics Research Section A: Accelerators,
	Spectrometers, Detectors and Associated Equipment },
  year = {2015},
  volume = {770},
  pages = {113 - 122},
  number = {0},
  comment = {TPC upgrade GEM Gain Erik Timo Brucken},
  doi = {http://dx.doi.org/10.1016/j.nima.2014.10.015},
  file = {:/Users/janrak/papers/hardware/GEM_NIM_ErikTimo.pdf:PDF},
  issn = {0168-9002},
  keywords = {Quality assurance},
  owner = {janrak},
  timestamp = {2015.01.26},
  url = {http://www.sciencedirect.com/science/article/pii/S0168900214011620}
}

@ARTICLE{Abelev:2014ckr,
  author = {Abelev, Betty Bezverkhny and others},
  title = {{Event-by-event mean ${p}_{\mathbf T}$ fluctuations in pp and Pb-Pb
	collisions at the LHC}},
  journal = {Eur.Phys.J.},
  year = {2014},
  volume = {C74},
  pages = {3077},
  number = {10},
  archiveprefix = {arXiv},
  collaboration = {ALICE Collaboration},
  comment = {pt fluctuation covariance correlators Thomas Heckel https://indico.cern.ch/event/363336/},
  doi = {10.1140/epjc/s10052-014-3077-y},
  eprint = {1407.5530},
  file = {:/Users/janrak/papers/LHC/ALICE/2014/pt_fluctuation_1407.5530v2.pdf:PDF},
  primaryclass = {nucl-ex},
  reportnumber = {CERN-PH-EP-2014-169},
  slaccitation = {%%CITATION = ARXIV:1407.5530;%%}
}

@ARTICLE{Abelev:2014dsa,
  author = {Abelev, Betty Bezverkhny and others},
  title = {{Transverse momentum dependence of inclusive primary charged-particle
	production in p-Pb collisions at $\sqrt{s_NN}$ = 5.02 TeV}},
  journal = {Eur.Phys.J.},
  year = {2014},
  volume = {C74},
  pages = {3054},
  archiveprefix = {arXiv},
  collaboration = {ALICE Collaboration},
  comment = {RpA},
  eprint = {1405.2737},
  file = {:/Users/janrak/papers/LHC/ALICE/pPb/RpPb-1405.2737.pdf:PDF},
  primaryclass = {nucl-ex},
  reportnumber = {CERN-PH-EP-2014-088},
  slaccitation = {%%CITATION = ARXIV:1405.2737;%%}
}

@ARTICLE{Abelev:2014laa,
  author = {Abelev, Betty Bezverkhny and others},
  title = {{Production of charged pions, kaons and protons at large transverse
	momenta in pp and Pb-Pb collisions at $\sqrt{s_NN}$ = 2.76 TeV}},
  year = {2014},
  archiveprefix = {arXiv},
  collaboration = {ALICE Collaboration},
  eprint = {1401.1250},
  file = {:/Users/janrak/papers/LHC/ALICE/PbPb/PID-1401.1250.pdf:PDF},
  primaryclass = {nucl-ex},
  reportnumber = {CERN-PH-EP-2013-230},
  slaccitation = {%%CITATION = ARXIV:1401.1250;%%}
}

@ARTICLE{Abelev:2014mva,
  author = {Abelev, Betty Bezverkhny and others},
  title = {{Multiplicity dependence of jet-like two-particle correlations in
	p-Pb collisions at $\sqrt{s_NN}$ = 5.02 TeV}},
  year = {2014},
  archiveprefix = {arXiv},
  collaboration = {ALICE Collaboration},
  comment = {minijet centrality Glauber Andreas},
  eprint = {1406.5463},
  file = {:/Users/janrak/papers/LHC/ALICE/pPb/minijets-1406.5463.pdf:PDF},
  primaryclass = {nucl-ex},
  reportnumber = {CERN-PH-EP-2014-084},
  slaccitation = {%%CITATION = ARXIV:1406.5463;%%}
}

@ARTICLE{Abelev:2014ypa,
  author = {Abelev, Betty Bezverkhny and others},
  title = {{Neutral pion production at midrapidity in pp and Pb-Pb collisions
	at $\sqrt{s_NN}$ = 2.76 TeV}},
  year = {2014},
  archiveprefix = {arXiv},
  collaboration = {ALICE Collaboration},
  comment = {pizero PHOS PCM RAA and pp NLO},
  eprint = {1405.3794},
  file = {:/Users/janrak/papers/LHC/ALICE/PbPb/pizero_1405.3794.pdf:PDF},
  primaryclass = {nucl-ex},
  reportnumber = {CERN-PH-EP-2014-091},
  slaccitation = {%%CITATION = ARXIV:1405.3794;%%}
}

@ARTICLE{Adam:2014qja,
  author = {Adam, Jaroslav and others},
  title = {{Centrality dependence of particle production in p-Pb collisions
	at $\sqrt{s_{\rm NN} }$= 5.02 TeV}},
  year = {2014},
  archiveprefix = {arXiv},
  collaboration = {ALICE Collaboration},
  comment = {centrality pPb NBD Gribov Glauber},
  eprint = {1412.6828},
  file = {:/Users/janrak/papers/LHC/ALICE/pPb/centrality-pPb-1412.6828v1.pdf:PDF},
  primaryclass = {nucl-ex},
  reportnumber = {CERN-PH-EP-2014-281},
  slaccitation = {%%CITATION = ARXIV:1412.6828;%%},
  timestamp = {2015.02.12}
}

@ARTICLE{Abbas:2013bpa,
  author = {Abbas, Ehab and others},
  title = {{Centrality dependence of the pseudorapidity density distribution
	for charged particles in Pb-Pb collisions at sqrt(sNN) = 2.76 TeV}},
  year = {2013},
  archiveprefix = {arXiv},
  collaboration = { ALICE Collaboration},
  eprint = {1304.0347},
  file = {:/Users/janrak/papers/LHC/ALICE/PbPb/PbPb-rapidity-1304.0347.pdf:PDF},
  primaryclass = {nucl-ex},
  reportnumber = {CERN-PH-EP-2013-045},
  slaccitation = {%%CITATION = ARXIV:1304.0347;%%}
}

@ARTICLE{Abbas:2013oua,
  author = {Abbas, E. and others},
  title = {{Charmonium and $e^+e^-$ pair photoproduction at mid-rapidity in
	ultra-peripheral Pb-Pb collisions at $\sqrt{s_{\rm NN}}$=2.76 TeV}},
  journal = {Eur. Phys. J.},
  year = {2013},
  volume = {C73},
  pages = {2617},
  number = {11},
  archiveprefix = {arXiv},
  collaboration = {ALICE},
  comment = {top cite},
  doi = {10.1140/epjc/s10052-013-2617-1},
  eprint = {1305.1467},
  file = {:/Users/janrak/papers/LHC/ALICE/PbPb/UPC-charmonium.pdf:PDF},
  primaryclass = {nucl-ex},
  reportnumber = {CERN-PH-EP-2013-066},
  slaccitation = {%%CITATION = ARXIV:1305.1467;%%}
}

@ARTICLE{Abelev:2012ba,
  author = {Abelev, Betty and others},
  title = {{Coherent $J/\psi$ photoproduction in ultra-peripheral Pb-Pb collisions
	at $\sqrt{s_NN} = 2.76$ TeV}},
  journal = {Phys.Lett.},
  year = {2013},
  volume = {B718},
  pages = {1273-1283},
  archiveprefix = {arXiv},
  collaboration = {ALICE Collaboration},
  comment = {PbPb UPC},
  doi = {10.1016/j.physletb.2012.11.059},
  eprint = {1209.3715},
  file = {:/Users/janrak/papers/LHC/ALICE/PbPb/Coherent_JPSI.pdf:PDF},
  primaryclass = {nucl-ex},
  reportnumber = {CERN-PH-EP-2012-270},
  slaccitation = {%%CITATION = ARXIV:1209.3715;%%}
}

@ARTICLE{Abelev:2012hxa,
  author = {Abelev, Betty and others},
  title = {{Centrality Dependence of Charged Particle Production at Large Transverse
	Momentum in Pb--Pb Collisions at $\sqrt{s_{\rmNN}} = 2.76$ TeV}},
  journal = {Phys.Lett.},
  year = {2013},
  volume = {B720},
  pages = {52-62},
  archiveprefix = {arXiv},
  collaboration = {ALICE Collaboration},
  comment = {RAA inclusive comparison},
  doi = {10.1016/j.physletb.2013.01.051},
  eprint = {1208.2711},
  file = {:/Users/janrak/papers/LHC/ALICE/PbPb/PbPb-RAA-1208.2711.pdf:PDF},
  primaryclass = {hep-ex},
  slaccitation = {%%CITATION = ARXIV:1208.2711;%%}
}

@ARTICLE{Abelev:2012ola,
  author = {Abelev, Betty and others},
  title = {{Long-range angular correlations on the near and away side in $p$-Pb
	collisions at $\sqrt{s_NN}=5.02$ TeV}},
  journal = {Phys.Lett.},
  year = {2013},
  volume = {B719},
  pages = {29-41},
  archiveprefix = {arXiv},
  collaboration = {ALICE Collaboration},
  comment = {pA pPb correlations Fiete long range correlations},
  doi = {10.1016/j.physletb.2013.01.012},
  eprint = {1212.2001},
  file = {:/Users/janrak/papers/LHC/ALICE/pPb/pPb-1212.2001.pdf:PDF},
  primaryclass = {nucl-ex},
  reportnumber = {CERN-PH-EP-2012-359},
  slaccitation = {%%CITATION = ARXIV:1212.2001;%%}
}

@ARTICLE{Abelev:2012pv,
  author = {Abelev, Betty and others},
  title = {{Net-Charge Fluctuations in Pb-Pb collisions at $\sqrt{s}_NN = 2.76$
	TeV}},
  journal = {Phys.Rev.Lett.},
  year = {2013},
  volume = {110},
  pages = {152301},
  number = {15},
  archiveprefix = {arXiv},
  collaboration = {ALICE Collaboration},
  comment = {fluctuations},
  doi = {10.1103/PhysRevLett.110.152301},
  eprint = {1207.6068},
  file = {:/Users/janrak/papers/LHC/ALICE/PbPb/fluctuations_1207.6068v2.pdf:PDF},
  primaryclass = {nucl-ex},
  slaccitation = {%%CITATION = ARXIV:1207.6068;%%}
}

@ARTICLE{Abelev:2013ala,
  author = {Abelev, Betty Bezverkhny and others},
  title = {{Energy Dependence of the Transverse Momentum Distributions of Charged
	Particles in pp Collisions Measured by ALICE}},
  journal = {Eur.Phys.J.},
  year = {2013},
  volume = {C73},
  pages = {2662},
  archiveprefix = {arXiv},
  collaboration = {ALICE Collaboration},
  comment = {pp reference - good for xT NLO inclusive},
  doi = {10.1140/epjc/s10052-013-2662-9},
  eprint = {1307.1093},
  file = {:/Users/janrak/papers/LHC/ALICE/ppSpecta-1307.1093.pdf:PDF},
  primaryclass = {nucl-ex},
  reportnumber = {CERN-PH-EP-2013-109},
  slaccitation = {%%CITATION = ARXIV:1307.1093;%%}
}

@ARTICLE{Abelev:2013fn,
  author = {Abelev, B. and others},
  title = {{Measurement of the inclusive differential jet cross section in $pp$
	collisions at $\sqrt{s} = 2.76$ TeV}},
  journal = {Phys.Lett.},
  year = {2013},
  volume = {B722},
  pages = {262-272},
  archiveprefix = {arXiv},
  collaboration = {ALICE Collaboration},
  doi = {10.1016/j.physletb.2013.04.026},
  eprint = {1301.3475},
  file = {:/Users/janrak/papers/LHC/ALICE/2013/jet-1301.3475v1.pdf:PDF},
  primaryclass = {nucl-ex},
  reportnumber = {CERN-PH-EP-2012-301},
  slaccitation = {%%CITATION = ARXIV:1301.3475;%%}
}

@ARTICLE{Abelev:2013haa,
  author = {Abelev, Betty Bezverkhny and others},
  title = {{Multiplicity Dependence of Pion, Kaon, Proton and Lambda Production
	in p--Pb Collisions at sqrt(s_NN) = 5.02 TeV}},
  year = {2013},
  archiveprefix = {arXiv},
  collaboration = { ALICE Collaboration},
  comment = {identified spectra in pPb},
  eprint = {1307.6796},
  file = {:/Users/janrak/papers/LHC/ALICE/pPb/indetif-spectra-1307.6796v1.pdf:PDF},
  primaryclass = {nucl-ex},
  reportnumber = {CERN-PH-EP-2013-135},
  slaccitation = {%%CITATION = ARXIV:1307.6796;%%}
}

@ARTICLE{Abelev:2013kqa,
  author = {Abelev, B. and others},
  title = {{Measurement of charged jet suppression n Pb-Pb collisions at $\sqrt{s_NN}$=2.76
	TeV}},
  year = {2013},
  archiveprefix = {arXiv},
  collaboration = {ALICE Collaboration},
  eprint = {1311.0633},
  primaryclass = {nucl-ex},
  reportnumber = {CERN-PH-EP-2013-205},
  slaccitation = {%%CITATION = ARXIV:1311.0633;%%}
}

@ARTICLE{Abelev:2013pqa,
  author = {Abelev, Betty Bezverkhny and others},
  title = {{Two and Three-Pion Quantum Statistics Correlations in Pb-Pb Collisions
	at sqrt(sNN)=2.76 TeV at the LHC}},
  year = {2013},
  archiveprefix = {arXiv},
  collaboration = {ALICE Collaboration},
  eprint = {1310.7808},
  primaryclass = {nucl-ex},
  reportnumber = {CERN-PH-EP-2013-201},
  slaccitation = {%%CITATION = ARXIV:1310.7808;%%}
}

@ARTICLE{Abelev:2013sqa,
  author = {Abelev, Betty and others},
  title = {{Multiplicity dependence of two-particle azimuthal correlations in
	pp collisions at the LHC}},
  journal = {JHEP},
  year = {2013},
  volume = {1309},
  pages = {049},
  archiveprefix = {arXiv},
  collaboration = {ALICE},
  comment = {Andreas Morsch MPI},
  doi = {10.1007/JHEP09(2013)049},
  eprint = {1307.1249},
  file = {:/Users/janrak/papers/LHC/ALICE/PbPb/MPI-1307.1249v1.pdf:PDF},
  primaryclass = {nucl-ex},
  reportnumber = {CERN-PH-EP-2013-107},
  slaccitation = {%%CITATION = ARXIV:1307.1249;%%}
}

@ARTICLE{Abelev:2013vea,
  author = {Abelev, Betty and others},
  title = {{Centrality dependence of $\pi$, K, p production in Pb-Pb collisions
	at $\sqrt{s_NN}$ = 2.76 TeV}},
  journal = {Phys.Rev.},
  year = {2013},
  volume = {C88},
  pages = {044910},
  archiveprefix = {arXiv},
  collaboration = {ALICE Collaboration},
  doi = {10.1103/PhysRevC.88.044910},
  eprint = {1303.0737},
  primaryclass = {hep-ex},
  reportnumber = {CERN-PH-EP-2013-019},
  slaccitation = {%%CITATION = ARXIV:1303.0737;%%}
}

@ARTICLE{ABELEV:2013wsa,
  author = {Abelev, Betty Bezverkhny and others},
  title = {{Long-range angular correlations of pi, K and p in p--Pb collisions
	at sqrt(s_NN) = 5.02 TeV}},
  journal = {Phys.Lett.},
  year = {2013},
  volume = {B726},
  pages = {164-177},
  archiveprefix = {arXiv},
  collaboration = {ALICE Collaboration},
  comment = {pPb v2 mass ordering Fiete},
  doi = {10.1016/j.physletb.2013.08.024},
  eprint = {1307.3237},
  file = {:/Users/janrak/papers/LHC/ALICE/pPb/mass-v2-1307.3237.pdf:PDF},
  primaryclass = {nucl-ex},
  reportnumber = {CERN-PH-EP-2013-115},
  slaccitation = {%%CITATION = ARXIV:1307.3237;%%}
}

@ARTICLE{Abelev:2013xaa,
  author = {Abelev, Betty Bezverkhny and others},
  title = {{$K^0_S$ and $\Lambda$ production in Pb-Pb collisions at $\sqrt{s_NN}$
	= 2.76 TeV}},
  journal = {Phys.Rev.Lett.},
  year = {2013},
  volume = {111},
  pages = {222301},
  archiveprefix = {arXiv},
  collaboration = {ALICE Collaboration},
  doi = {10.1103/PhysRevLett.111.222301},
  eprint = {1307.5530},
  primaryclass = {nucl-ex},
  reportnumber = {CERN-PH-EP-2013-132},
  slaccitation = {%%CITATION = ARXIV:1307.5530;%%}
}

@ARTICLE{ablev:2013,
  author = {Abelev, Betty and others},
  title = {{Charge correlations using the balance function in Pb-Pb collisions
	at sqrt{s_NN} = 2.76 TeV}},
  year = {2013},
  archiveprefix = {arXiv},
  collaboration = { ALICE Collaboration},
  comment = {PbPb},
  eprint = {1301.3756},
  primaryclass = {nucl-ex},
  reportnumber = {CERN-PH-EP-2012-371},
  slaccitation = {%%CITATION = ARXIV:1301.3756;%%}
}

@ARTICLE{ALICE:2012mj,
  author = {Abelev, Betty and others},
  title = {{Transverse Momentum Distribution and Nuclear Modification Factor
	of Charged Particles in $p$-Pb Collisions at $\sqrt{s_NN}=5.02$ TeV}},
  journal = {Phys.Rev.Lett.},
  year = {2013},
  volume = {110},
  pages = {082302},
  archiveprefix = {arXiv},
  collaboration = {ALICE Collaboration},
  comment = {pA R_pPb},
  doi = {10.1103/PhysRevLett.110.082302},
  eprint = {1210.4520},
  file = {:/Users/janrak/papers/LHC/ALICE/pPb/PhysRevLett.110.082302.pdf:PDF},
  primaryclass = {nucl-ex},
  reportnumber = {CERN-PH-EP-2012-306},
  slaccitation = {%%CITATION = ARXIV:1210.4520;%%},
  url = {http://link.aps.org/doi/10.1103/PhysRevLett.110.082302}
}

@ARTICLE{PhysRevLett.110.012301,
  author = {Abelev, B. and Adam, J. and Adamov\'a, D. and Adare, A. M. and Aggarwal,
	M. M. and Aglieri Rinella, G. and Agocs, A. G. and Agostinelli, A.
	and Aguilar Salazar, S. and Ahammed, Z. and Ahmad, N. and Ahmad Masoodi,
	A. and Ahn, S. A. and Ahn, S. U. and Akindinov, A. and Aleksandrov,
	D. and Alessandro, B. and Alfaro Molina, R. and Alici, A. and Alkin,
	A. and Almar\'az Avi\~na, E. and Alme, J. and Alt, T. and Altini,
	V. and Altinpinar, S. and Altsybeev, I. and Andrei, C. and Andronic,
	A. and Anguelov, V. and Anielski, J. and Anson, C. and Anti\ifmmode
	\check{c}\else \v{c}\fi{}i\ifmmode \acute{c}\else \'{c}\fi{}, T.
	and Antinori, F. and Antonioli, P. and Aphecetche, L. and Appelsh\"auser,
	H. and Arbor, N. and Arcelli, S. and Arend, A. and Armesto, N. and
	Arnaldi, R. and Aronsson, T. and Arsene, I. C. and Arslandok, M.
	and Asryan, A. and Augustinus, A. and Averbeck, R. and Awes, T. C.
	and \"Ayst\"o, J. and Azmi, M. D. and Bach, M. and Badal\`a, A. and
	Baek, Y. W. and Bailhache, R. and Bala, R. and Baldini Ferroli, R.
	and Baldisseri, A. and Baldit, A. and Baltasar Dos Santos Pedrosa,
	F. and B\'an, J. and Baral, R. C. and Barbera, R. and Barile, F.
	and Barnaf\"oldi, G. G. and Barnby, L. S. and Barret, V. and Bartke,
	J. and Basile, M. and Bastid, N. and Basu, S. and Bathen, B. and
	Batigne, G. and Batyunya, B. and Baumann, C. and Bearden, I. G. and
	Beck, H. and Belikov, I. and Bellini, F. and Bellwied, R. and Belmont-Moreno,
	E. and Bencedi, G. and Beole, S. and Berceanu, I. and Bercuci, A.
	and Berdnikov, Y. and Berenyi, D. and Bergognon, A. A. E. and Berzano,
	D. and Betev, L. and Bhasin, A. and Bhati, A. K. and Bhom, J. and
	Bianchi, L. and Bianchi, N. and Bianchin, C. and Biel\ifmmode \check{c}\else
	\v{c}\fi{}\'\ik, J. and Biel\ifmmode \check{c}\else \v{c}\fi{}\'\ikov\'a,
	J. and Bilandzic, A. and Bjelogrlic, S. and Blanco, F. and Blanco,
	F. and Blau, D. and Blume, C. and Boccioli, M. and Bock, N. and B\"ottger,
	S. and Bogdanov, A. and B\o{}ggild, H. and Bogolyubsky, M. and Boldizs\'ar,
	L. and Bombara, M. and Book, J. and Borel, H. and Borissov, A. and
	Bose, S. and Boss\'u, F. and Botje, M. and Boyer, B. and Braidot,
	E. and Braun-Munzinger, P. and Bregant, M. and Breitner, T. and Browning,
	T. A. and Broz, M. and Brun, R. and Bruna, E. and Bruno, G. E. and
	Budnikov, D. and Buesching, H. and Bufalino, S. and Bugaiev, K. and
	Busch, O. and Buthelezi, Z. and Caballero Orduna, D. and Caffarri,
	D. and Cai, X. and Caines, H. and Calvo Villar, E. and Camerini,
	P. and Canoa Roman, V. and Cara Romeo, G. and Carena, W. and Carena,
	F. and Carlin Filho, N. and Carminati, F. and Casanova D\'\iaz, A.
	and Castillo Castellanos, J. and Castillo Hernandez, J. F. and Casula,
	E. A. R. and Catanescu, V. and Cavicchioli, C. and Ceballos Sanchez,
	C. and Cepila, J. and Cerello, P. and Chang, B. and Chapeland, S.
	and Charvet, J. L. and Chattopadhyay, S. and Chattopadhyay, S. and
	Chawla, I. and Cherney, M. and Cheshkov, C. and Cheynis, B. and Chibante
	Barroso, V. and Chinellato, D. D. and Chochula, P. and Chojnacki,
	M. and Choudhury, S. and Christakoglou, P. and Christensen, C. H.
	and Christiansen, P. and Chujo, T. and Chung, S. U. and Cicalo, C.
	and Cifarelli, L. and Cindolo, F. and Cleymans, J. and Coccetti,
	F. and Colamaria, F. and Colella, D. and Conesa Balbastre, G. and
	Conesa del Valle, Z. and Constantin, P. and Contin, G. and Contreras,
	J. G. and Cormier, T. M. and Corrales Morales, Y. and Cortese, P.
	and Cort\'es Maldonado, I. and Cosentino, M. R. and Costa, F. and
	Cotallo, M. E. and Crescio, E. and Crochet, P. and Cruz Alaniz, E.
	and Cuautle, E. and Cunqueiro, L. and Dainese, A. and Dalsgaard,
	H. H. and Danu, A. and Das, D. and Das, K. and Das, I. and Dash,
	S. and Dash, A. and De, S. and de Barros, G. O. V. and De Caro, A.
	and de Cataldo, G. and de Cuveland, J. and De Falco, A. and De Gruttola,
	D. and Delagrange, H. and Deloff, A. and Demanov, V. and De Marco,
	N. and D\'enes, E. and De Pasquale, S. and Deppman, A. and Erasmo,
	G. D. and de Rooij, R. and Diaz Corchero, M. A. and Di Bari, D. and
	Dietel, T. and Di Giglio, C. and Di Liberto, S. and Di Mauro, A.
	and Di Nezza, P. and Divi\`a, R. and Djuvsland, \O{}. and Dobrin,
	A. and Dobrowolski, T. and Dom\'\inguez, I. and D\"onigus, B. and
	Dordic, O. and Driga, O. and Dubey, A. K. and Dubla, A. and Ducroux,
	L. and Dupieux, P. and Dutta Majumdar, M. R. and Dutta Majumdar,
	A. K. and Elia, D. and Emschermann, D. and Engel, H. and Erazmus,
	B. and Erdal, H. A. and Espagnon, B. and Estienne, M. and Esumi,
	S. and Evans, D. and Eyyubova, G. and Fabris, D. and Faivre, J. and
	Falchieri, D. and Fantoni, A. and Fasel, M. and Fearick, R. and Fedunov,
	A. and Fehlker, D. and Feldkamp, L. and Felea, D. and Fenton-Olsen,
	B. and Feofilov, G. and Fern\'andez T\'ellez, A. and Ferretti, A.
	and Ferretti, R. and Festanti, A. and Figiel, J. and Figueredo, M.
	A. S. and Filchagin, S. and Finogeev, D. and Fionda, F. M. and Fiore,
	E. M. and Floris, M. and Foertsch, S. and Foka, P. and Fokin, S.
	and Fragiacomo, E. and Francescon, A. and Frankenfeld, U. and Fuchs,
	U. and Furget, C. and Fusco Girard, M. and Gaardh\o{}je, J. J. and
	Gagliardi, M. and Gago, A. and Gallio, M. and Gangadharan, D. R.
	and Ganoti, P. and Garabatos, C. and Garcia-Solis, E. and Garishvili,
	I. and Gerhard, J. and Germain, M. and Geuna, C. and Gheata, A. and
	Gheata, M. and Ghidini, B. and Ghosh, P. and Gianotti, P. and Girard,
	M. R. and Giubellino, P. and Gladysz-Dziadus, E. and Gl\"assel, P.
	and Gomez, R. and Ferreiro, E. G. and Gonz\'alez-Trueba, L. H. and
	Gonz\'alez-Zamora, P. and Gorbunov, S. and Goswami, A. and Gotovac,
	S. and Grabski, V. and Graczykowski, L. K. and Grajcarek, R. and
	Grelli, A. and Grigoras, A. and Grigoras, C. and Grigoriev, V. and
	Grigoryan, A. and Grigoryan, S. and Grinyov, B. and Grion, N. and
	Gros, P. and Grosse-Oetringhaus, J. F. and Grossiord, J.-Y. and Grosso,
	R. and Guber, F. and Guernane, R. and Guerra Gutierrez, C. and Guerzoni,
	B. and Guilbaud, M. and Gulbrandsen, K. and Gunji, T. and Gupta,
	A. and Gupta, R. and Gutbrod, H. and Haaland, \O{}. and Hadjidakis,
	C. and Haiduc, M. and Hamagaki, H. and Hamar, G. and Han, B. H. and
	Hanratty, L. D. and Hansen, A. and Harmanova, Z. and Harris, J. W.
	and Hartig, M. and Hasegan, D. and Hatzifotiadou, D. and Hayrapetyan,
	A. and Heckel, S. T. and Heide, M. and Helstrup, H. and Herghelegiu,
	A. and Herrera Corral, G. and Herrmann, N. and Hess, B. A. and Hetland,
	K. F. and Hicks, B. and Hille, P. T. and Hippolyte, B. and Horaguchi,
	T. and Hori, Y. and Hristov, P. and H\ifmmode \check{r}\else \v{r}\fi{}ivn\'a\ifmmode
	\check{c}\else \v{c}\fi{}ov\'a, I. and Huang, M. and Humanic, T.
	J. and Hwang, D. S. and Ichou, R. and Ilkaev, R. and Ilkiv, I. and
	Inaba, M. and Incani, E. and Innocenti, G. M. and Innocenti, P. G.
	and Ippolitov, M. and Irfan, M. and Ivan, C. and Ivanov, M. and Ivanov,
	A. and Ivanov, V. and Ivanytskyi, O. and Jacobs, P. M. and Jang,
	H. J. and Janik, R. and Janik, M. A. and Jayarathna, P. H. S. Y.
	and Jena, S. and Jha, D. M. and Jimenez Bustamante, R. T. and Jirden,
	L. and Jones, P. G. and Jung, H. and Jusko, A. and Kaidalov, A. B.
	and Kakoyan, V. and Kalcher, S. and Kali\ifmmode \check{n}\else \v{n}\fi{}\'ak,
	P. and Kalliokoski, T. and Kalweit, A. and Kang, J. H. and Kaplin,
	V. and Karasu Uysal, A. and Karavichev, O. and Karavicheva, T. and
	Karpechev, E. and Kazantsev, A. and Kebschull, U. and Keidel, R.
	and Khan, M. M. and Khan, P. and Khan, S. A. and Khanzadeev, A. and
	Kharlov, Y. and Kileng, B. and Kim, J. S. and Kim, D. J. and Kim,
	D. W. and Kim, J. H. and Kim, T. and Kim, M. and Kim, M. and Kim,
	S. H. and Kim, B. and Kim, S. and Kirsch, S. and Kisel, I. and Kiselev,
	S. and Kisiel, A. and Klay, J. L. and Klein, J. and Klein-B\"osing,
	C. and Kliemant, M. and Kluge, A. and Knichel, M. L. and Knospe,
	A. G. and Koch, K. and K\"ohler, M. K. and Kollegger, T. and Kolojvari,
	A. and Kondratiev, V. and Kondratyeva, N. and Konevskikh, A. and
	Korneev, A. and Kour, R. and Kowalski, M. and Kox, S. and Koyithatta
	Meethaleveedu, G. and Kral, J. and Kr\'alik, I. and Kramer, F. and
	Kraus, I. and Krawutschke, T. and Krelina, M. and Kretz, M. and Krivda,
	M. and Krizek, F. and Krus, M. and Kryshen, E. and Krzewicki, M.
	and Kucheriaev, Y. and Kugathasan, T. and Kuhn, C. and Kuijer, P.
	G. and Kulakov, I. and Kumar, J. and Kurashvili, P. and Kurepin,
	A. and Kurepin, A. B. and Kuryakin, A. and Kushpil, S. and Kushpil,
	V. and Kvaerno, H. and Kweon, M. J. and Kwon, Y. and Ladr\'on de
	Guevara, P. and Lakomov, I. and Langoy, R. and La Pointe, S. L. and
	Lara, C. and Lardeux, A. and La Rocca, P. and Lazzeroni, C. and Lea,
	R. and Le Bornec, Y. and Lechman, M. and Lee, S. C. and Lee, K. S.
	and Lee, G. R. and Lef\`evre, F. and Lehnert, J. and Leistam, L.
	and Lenti, V. and Le\'on, H. and Leoncino, M. and Le\'on Monz\'on,
	I. and Le\'on Vargas, H. and L\'evai, P. and Lien, J. and Lietava,
	R. and Lindal, S. and Lindenstruth, V. and Lippmann, C. and Lisa,
	M. A. and Liu, L. and Loggins, V. R. and Loginov, V. and Lohn, S.
	and Lohner, D. and Loizides, C. and Loo, K. K. and Lopez, X. and
	L\'opez Torres, E. and L\o{}vh\o{}iden, G. and Lu, X.-G. and Luettig,
	P. and Lunardon, M. and Luo, J. and Luparello, G. and Luquin, L.
	and Luzzi, C. and Ma, R. and Ma, K. and Madagodahettige-Don, D. M.
	and Maevskaya, A. and Mager, M. and Mahapatra, D. P. and Maire, A.
	and Malaev, M. and Maldonado Cervantes, I. and Malinina, L. and Mal'Kevich,
	D. and Malzacher, P. and Mamonov, A. and Manceau, L. and Mangotra,
	L. and Manko, V. and Manso, F. and Manzari, V. and Mao, Y. and Marchisone,
	M. and Mare\ifmmode \check{s}\else \v{s}\fi{}, J. and Margagliotti,
	G. V. and Margotti, A. and Mar\'\in, A. and Marin Tobon, C. A. and
	Markert, C. and Martashvili, I. and Martinengo, P. and Mart\'\inez,
	M. I. and Mart\'\inez Davalos, A. and Mart\'\inez Garc\'\ia, G. and
	Martynov, Y. and Mas, A. and Masciocchi, S. and Masera, M. and Masoni,
	A. and Massacrier, L. and Mastroserio, A. and Matthews, Z. L. and
	Matyja, A. and Mayer, C. and Mazer, J. and Mazzoni, M. A. and Meddi,
	F. and Menchaca-Rocha, A. and Mercado P\'erez, J. and Meres, M. and
	Miake, Y. and Milano, L. and Milosevic, J. and Mischke, A. and Mishra,
	A. N. and Mi\ifmmode \acute{s}\else \'{s}\fi{}kowiec, D. and Mitu,
	C. and Mlynarz, J. and Mohanty, B. and Molnar, L. and Monta\~no Zetina,
	L. and Monteno, M. and Montes, E. and Moon, T. and Morando, M. and
	Moreira De Godoy, D. A. and Moretto, S. and Morsch, A. and Muccifora,
	V. and Mudnic, E. and Muhuri, S. and Mukherjee, M. and M\"uller,
	H. and Munhoz, M. G. and Musa, L. and Musso, A. and Nandi, B. K.
	and Nania, R. and Nappi, E. and Nattrass, C. and Naumov, N. P. and
	Navin, S. and Nayak, T. K. and Nazarenko, S. and Nazarov, G. and
	Nedosekin, A. and Nicassio, M. and Niculescu, M. and Nielsen, B.
	S. and Niida, T. and Nikolaev, S. and Nikolic, V. and Nikulin, S.
	and Nikulin, V. and Nilsen, B. S. and Nilsson, M. S. and Noferini,
	F. and Nomokonov, P. and Nooren, G. and Novitzky, N. and Nyanin,
	A. and Nyatha, A. and Nygaard, C. and Nystrand, J. and Ochirov, A.
	and Oeschler, H. and Oh, S. and Oh, S. K. and Oleniacz, J. and Oppedisano,
	C. and Ortiz Velasquez, A. and Ortona, G. and Oskarsson, A. and Ostrowski,
	P. and Otwinowski, J. and Oyama, K. and Ozawa, K. and Pachmayer,
	Y. and Pachr, M. and Padilla, F. and Pagano, P. and Pai\ifmmode \acute{c}\else
	\'{c}\fi{}, G. and Painke, F. and Pajares, C. and Pal, S. K. and
	Palaha, A. and Palmeri, A. and Papikyan, V. and Pappalardo, G. S.
	and Park, W. J. and Passfeld, A. and Pastir\ifmmode \check{c}\else
	\v{c}\fi{}\'ak, B. and Patalakha, D. I. and Paticchio, V. and Pavlinov,
	A. and Pawlak, T. and Peitzmann, T. and Pereira Da Costa, H. and
	Pereira De Oliveira Filho, E. and Peresunko, D. and P\'erez Lara,
	C. E. and Perez Lezama, E. and Perini, D. and Perrino, D. and Peryt,
	W. and Pesci, A. and Peskov, V. and Pestov, Y. and Petr\'a\ifmmode
	\check{c}\else \v{c}\fi{}ek, V. and Petran, M. and Petris, M. and
	Petrov, P. and Petrovici, M. and Petta, C. and Piano, S. and Piccotti,
	A. and Pikna, M. and Pillot, P. and Pinazza, O. and Pinsky, L. and
	Pitz, N. and Piyarathna, D. B. and P\l{}osko\ifmmode \acute{n}\else
	\'{n}\fi{}, M. and Pluta, J. and Pocheptsov, T. and Pochybova, S.
	and Podesta-Lerma, P. L. M. and Poghosyan, M. G. and Pol\'ak, K.
	and Polichtchouk, B. and Pop, A. and Porteboeuf-Houssais, S. and
	Posp\'\i\ifmmode \check{s}\else \v{s}\fi{}il, V. and Potukuchi, B.
	and Prasad, S. K. and Preghenella, R. and Prino, F. and Pruneau,
	C. A. and Pshenichnov, I. and Puchagin, S. and Puddu, G. and Pulvirenti,
	A. and Punin, V. and Puti\ifmmode \check{s}\else \v{s}\fi{}, M. and
	Putschke, J. and Quercigh, E. and Qvigstad, H. and Rachevski, A.
	and Rademakers, A. and R\"aih\"a, T. S. and Rak, J. and Rakotozafindrabe,
	A. and Ramello, L. and Ram\'\irez Reyes, A. and Raniwala, R. and
	Raniwala, S. and R\"as\"anen, S. S. and Rascanu, B. T. and Rathee,
	D. and Read, K. F. and Real, J. S. and Redlich, K. and Reichelt,
	P. and Reicher, M. and Renfordt, R. and Reolon, A. R. and Reshetin,
	A. and Rettig, F. and Revol, J.-P. and Reygers, K. and Riccati, L.
	and Ricci, R. A. and Richert, T. and Richter, M. and Riedler, P.
	and Riegler, W. and Riggi, F. and Rodrigues Fernandes Rabacal, B.
	and Rodr\'\iguez Cahuantzi, M. and Rodriguez Manso, A. and R\o{}ed,
	K. and Rohr, D. and R\"ohrich, D. and Romita, R. and Ronchetti, F.
	and Rosnet, P. and Rossegger, S. and Rossi, A. and Roy, P. and Roy,
	C. and Rubio Montero, A. J. and Rui, R. and Russo, R. and Ryabinkin,
	E. and Rybicki, A. and Sadovsky, S. and \ifmmode \check{S}\else \v{S}\fi{}afa\ifmmode
	\check{r}\else \v{r}\fi{}\'\ik, K. and Sahoo, R. and Sahu, P. K.
	and Saini, J. and Sakaguchi, H. and Sakai, S. and Sakata, D. and
	Salgado, C. A. and Salzwedel, J. and Sambyal, S. and Samsonov, V.
	and Sanchez Castro, X. and \ifmmode \check{S}\else \v{S}\fi{}\'andor,
	L. and Sandoval, A. and Sano, M. and Sano, S. and Santo, R. and Santoro,
	R. and Sarkamo, J. and Scapparone, E. and Scarlassara, F. and Scharenberg,
	R. P. and Schiaua, C. and Schicker, R. and Schmidt, C. and Schmidt,
	H. R. and Schreiner, S. and Schuchmann, S. and Schukraft, J. and
	Schutz, Y. and Schwarz, K. and Schweda, K. and Scioli, G. and Scomparin,
	E. and Scott, P. A. and Scott, R. and Segato, G. and Selyuzhenkov,
	I. and Senyukov, S. and Seo, J. and Serci, S. and Serradilla, E.
	and Sevcenco, A. and Shabetai, A. and Shabratova, G. and Shahoyan,
	R. and Sharma, S. and Sharma, N. and Rohni, S. and Shigaki, K. and
	Shimomura, M. and Shtejer, K. and Sibiriak, Y. and Siciliano, M.
	and Sicking, E. and Siddhanta, S. and Siemiarczuk, T. and Silvermyr,
	D. and Silvestre, C. and Simatovic, G. and Simonetti, G. and Singaraju,
	R. and Singh, R. and Singha, S. and Singhal, V. and Sinha, T. and
	Sinha, B. C. and Sitar, B. and Sitta, M. and Skaali, T. B. and Skjerdal,
	K. and Smakal, R. and Smirnov, N. and Snellings, R. J. M. and S\o{}gaard,
	C. and Soltz, R. and Son, H. and Song, J. and Song, M. and Soos,
	C. and Soramel, F. and Sputowska, I. and Spyropoulou-Stassinaki,
	M. and Srivastava, B. K. and Stachel, J. and Stan, I. and Stan, I.
	and Stefanek, G. and Steinpreis, M. and Stenlund, E. and Steyn, G.
	and Stiller, J. H. and Stocco, D. and Stolpovskiy, M. and Strabykin,
	K. and Strmen, P. and Suaide, A. A. P. and Subieta V\'asquez, M.
	A. and Sugitate, T. and Suire, C. and Sukhorukov, M. and Sultanov,
	R. and \ifmmode \check{S}\else \v{S}\fi{}umbera, M. and Susa, T.
	and Szanto de Toledo, A. and Szarka, I. and Szczepankiewicz, A. and
	Szostak, A. and Szyma\ifmmode \acute{n}\else \'{n}\fi{}ski, M. and
	Takahashi, J. and Tapia Takaki, J. D. and Tauro, A. and Tejeda Mu\~noz,
	G. and Telesca, A. and Terrevoli, C. and Th\"ader, J. and Thomas,
	D. and Thomas, J. H. and Tieulent, R. and Timmins, A. R. and Tlusty,
	D. and Toia, A. and Torii, H. and Toscano, L. and Truesdale, D. and
	Trzaska, W. H. and Tsuji, T. and Tumkin, A. and Turrisi, R. and Tveter,
	T. S. and Ulery, J. and Ullaland, K. and Ulrich, J. and Uras, A.
	and Urb\'an, J. and Urciuoli, G. M. and Usai, G. L. and Vajzer, M.
	and Vala, M. and Valencia Palomo, L. and Vallero, S. and van der
	Kolk, N. and Vande Vyvre, P. and van Leeuwen, M. and Vannucci, L.
	and Vargas, A. and Varma, R. and Vasileiou, M. and Vasiliev, A. and
	Vechernin, V. and Veldhoen, M. and Venaruzzo, M. and Vercellin, E.
	and Vergara, S. and Vernet, R. and Verweij, M. and Vickovic, L. and
	Viesti, G. and Vikhlyantsev, O. and Vilakazi, Z. and Villalobos Baillie,
	O. and Vinogradov, A. and Vinogradov, Y. and Vinogradov, L. and Virgili,
	T. and Viyogi, Y. P. and Vodopyanov, A. and Voloshin, K. and Voloshin,
	S. and Volpe, G. and von Haller, B. and Vranic, D. and \O{}vrebekk,
	G. and Vrl\'akov\'a, J. and Vulpescu, B. and Vyushin, A. and Wagner,
	V. and Wagner, B. and Wan, R. and Wang, Y. and Wang, D. and Wang,
	Y. and Wang, M. and Watanabe, K. and Weber, M. and Wessels, J. P.
	and Westerhoff, U. and Wiechula, J. and Wikne, J. and Wilde, M. and
	Wilk, G. and Wilk, A. and Williams, M. C. S. and Windelband, B. and
	Xaplanteris Karampatsos, L. and Yaldo, C. G. and Yamaguchi, Y. and
	Yang, H. and Yang, S. and Yasnopolskiy, S. and Yi, J. and Yin, Z.
	and Yoo, I.-K. and Yoon, J. and Yu, W. and Yuan, X. and Yushmanov,
	I. and Zach, C. and Zampolli, C. and Zaporozhets, S. and Zarochentsev,
	A. and Z\'avada, P. and Zaviyalov, N. and Zbroszczyk, H. and Zelnicek,
	P. and Zgura, I. S. and Zhalov, M. and Zhang, H. and Zhang, X. and
	Zhou, Y. and Zhou, D. and Zhou, F. and Zhu, J. and Zhu, J. and Zhu,
	X. and Zichichi, A. and Zimmermann, A. and Zinovjev, G. and Zoccarato,
	Y. and Zynovyev, M. and Zyzak, M.},
  title = {{C}harge separation relative to the reaction plane in {P}b-{P}b collisions
	at $\sqrt{{s}_NN}\mathbf{=}2.76\text{\,}\text{\,}\mathrm{TeV}$},
  journal = {Phys. Rev. Lett.},
  year = {2013},
  volume = {110},
  pages = {012301},
  month = {Jan},
  collaboration = {ALICE Collaboration},
  comment = {PbPb Chiral Magnetic},
  doi = {10.1103/PhysRevLett.110.012301},
  file = {:/Users/janrak/papers/LHC/ALICE/PbPb/PhysRevLett.110.012301.pdf:PDF},
  issue = {1},
  numpages = {11},
  publisher = {American Physical Society},
  url = {http://link.aps.org/doi/10.1103/PhysRevLett.110.012301}
}

@ARTICLE{Rak2013272,
  author = {Jan Rak},
  title = {{P}roduction anisotropy of h^\pm, \pi^\pm and p/\bar{p} at high-p_{T}
	in {P}b--{P}b collisions at \qrt{s_NN}=2.76 {T}e{V}},
  journal = {Nuclear Physics A },
  year = {2013},
  volume = {910-911},
  pages = {272 - 275},
  number = {0},
  note = {<ce:title>Hard Probes 2012</ce:title> <ce:subtitle>5th International
	Conference on Hard and Electromagnetic Probes of High-Energy Nuclear
	Collisions </ce:subtitle> },
  doi = {http://dx.doi.org/10.1016/j.nuclphysa.2012.12.079},
  file = {:/Users/janrak/papers/LHC/ALICE/PbPb/JanRak_HP2012.pdf:PDF},
  issn = {0375-9474},
  url = {http://www.sciencedirect.com/science/article/pii/S0375947412004022}
}

@ARTICLE{Schukraft:2012ah,
  author = {Schukraft, Jurgen and Timmins, Anthony and Voloshin, Sergei A.},
  title = {{Ultra-relativistic nuclear collisions: event shape engineering}},
  journal = {Phys.Lett.},
  year = {2013},
  volume = {B719},
  pages = {394-398},
  archiveprefix = {arXiv},
  comment = {ebe event-by-event fluctuations, Jurgen Schukraft, Anthony Timmins,
	Sergei Voloshin
	
	event shape engineering},
  doi = {10.1016/j.physletb.2013.01.045},
  eprint = {1208.4563},
  file = {:/Users/janrak/papers/LHC/ALICE/ebe-fluct-Jurgen-1208.4563v1.pdf:PDF},
  primaryclass = {nucl-ex},
  slaccitation = {%%CITATION = ARXIV:1208.4563;%%}
}

@ARTICLE{:2012he,
  author = {Abelev, Betty and others},
  title = {{Measurement of inelastic, single- and double-diffraction cross sections
	in proton--proton collisions at the LHC with ALICE}},
  year = {2012},
  archiveprefix = {arXiv},
  collaboration = {The ALICE Collaboration},
  comment = {diffraction, pomerons},
  eprint = {1208.4968},
  file = {:/Users/janrak/papers/LHC/ALICE/diffraction-1208.4968.pdf:PDF},
  primaryclass = {hep-ex},
  reportnumber = {CERN-PH-EP-2012-138},
  slaccitation = {%%CITATION = ARXIV:1208.4968;%%}
}

@ARTICLE{Aamodt2012,
  author = {Aamodt, K. and others},
  title = {{Particle-yield modification in jet-like azimuthal di-hadron correlations
	in Pb-Pb collisions at $\sqrt{s_NN} = 2.76$ TeV}},
  journal = {Phys.Rev.Lett.},
  year = {2012},
  volume = {108},
  pages = {092301},
  archiveprefix = {arXiv},
  collaboration = {ALICE Collaboration},
  comment = {I_AA in PbPb Jan-Fiete},
  eprint = {1110.0121},
  file = {:/Users/janrak/papers/LHC/ALICE/IAA-1110.0121.pdf:PDF},
  primaryclass = {nucl-ex},
  reportnumber = {CERN-PH-EP-2011-161},
  slaccitation = {%%CITATION = ARXIV:1110.0121;%%}
}

@ARTICLE{Aamodt:2011by,
  author = {Aamodt, K. and others},
  title = {{Harmonic decomposition of two-particle angular correlations in Pb-Pb
	collisions at sqrt(sNN) = 2.76 TeV}},
  journal = {Phys.Lett.},
  year = {2012},
  volume = {B708},
  pages = {249-264},
  note = {11 figures, 27 pages, authors start at page 21},
  archiveprefix = {arXiv},
  collaboration = {ALICE Collaboration},
  comment = {PbPb flow decomposition in 2p correl},
  doi = {10.1016/j.physletb.2012.01.060},
  eprint = {1109.2501},
  file = {:/Users/janrak/papers/LHC/ALICE/PbPb/PbPb_1109.2501v2.pdf:PDF},
  primaryclass = {nucl-ex},
  slaccitation = {%%CITATION = ARXIV:1109.2501;%%}
}

@ARTICLE{Abelev:2011md,
  author = {Abelev, B. and others},
  title = {{$J/\psi$ polarization in $pp$ collisions at $\sqrt{s}=7$ TeV}},
  journal = {Phys.Rev.Lett.},
  year = {2012},
  volume = {108},
  pages = {082001},
  archiveprefix = {arXiv},
  collaboration = {ALICE},
  comment = {j/psi polarization},
  doi = {10.1103/PhysRevLett.108.082001},
  eprint = {1111.1630},
  file = {:/Users/janrak/papers/LHC/ALICE/jpsi-pol-1111.1630.pdf:PDF},
  primaryclass = {hep-ex},
  reportnumber = {CERN-PH-EP-2011-182},
  slaccitation = {%%CITATION = ARXIV:1111.1630;%%}
}

@ARTICLE{Abelev:2012cn,
  author = {Abelev, B. and others},
  title = {{Neutral pion and $\eta$ meson production in proton-proton collisions
	at $\sqrt{s}=0.9$ TeV and $\sqrt{s}=7$ TeV}},
  journal = {Phys.Lett.},
  year = {2012},
  volume = {B717},
  pages = {162-172},
  archiveprefix = {arXiv},
  collaboration = {ALICE Collaboration},
  comment = {pizero in pp PHOS and PCM NLO Tsallis},
  doi = {10.1016/j.physletb.2012.09.015},
  eprint = {1205.5724},
  file = {:/Users/janrak/papers/LHC/ALICE/pizero_1205.5724.pdf:PDF},
  primaryclass = {hep-ex},
  reportnumber = {CERN-PH-EP-2012-001},
  slaccitation = {%%CITATION = ARXIV:1205.5724;%%}
}

@ARTICLE{Abelev:2012di,
  author = {Abelev, Betty and others},
  title = {{Anisotropic flow of charged hadrons, pions and (anti-)protons measured
	at high transverse momentum in Pb-Pb collisions at $\snn=2.76$ TeV}},
  year = {2012},
  archiveprefix = {arXiv},
  collaboration = {ALICE Collaboration},
  comment = {PbPb high-pT flow},
  eprint = {1205.5761},
  file = {:/Users/janrak/papers/LHC/ALICE/1205.5761.pdf:PDF},
  primaryclass = {nucl-ex},
  reportnumber = {CERN-PH-EP-2012-142},
  slaccitation = {%%CITATION = ARXIV:1205.5761;%%}
}

@ARTICLE{Abelev:2012ej,
  author = {Abelev, Betty and others},
  title = {{Measurement of Event Background Fluctuations for Charged Particle
	Jet Reconstruction in Pb-Pb collisions at $\sqrt{s_NN} = 2.76$ TeV}},
  journal = {JHEP},
  year = {2012},
  volume = {1203},
  pages = {053},
  archiveprefix = {arXiv},
  collaboration = {ALICE Collaboration},
  comment = {PbPb jets},
  doi = {10.1007/JHEP03(2012)053},
  eprint = {1201.2423},
  file = {:/Users/janrak/papers/LHC/ALICE/PbPb/jet_fluctuation.pdf:PDF},
  primaryclass = {hep-ex},
  slaccitation = {%%CITATION = ARXIV:1201.2423;%%}
}

@ARTICLE{Abelev:2012kr,
  author = {Abelev, B. and others},
  title = {{Inclusive $J/\psi$ production in $pp$ collisions at $\sqrt{s} =
	2.76$ TeV}},
  journal = {Phys.Lett.},
  year = {2012},
  volume = {B718},
  pages = {295-306},
  archiveprefix = {arXiv},
  collaboration = {ALICE Collaboration},
  doi = {10.1016/j.physletb.2012.10.078},
  eprint = {1203.3641},
  file = {:/Users/janrak/papers/LHC/ALICE/PbPb/jpsi-1203.3641.pdf:PDF},
  primaryclass = {hep-ex},
  reportnumber = {CERN-PH-EP-2012-055},
  slaccitation = {%%CITATION = ARXIV:1203.3641;%%}
}

@ARTICLE{ALICE:2011ac,
  author = {Abelev, Betty and others},
  title = {{Underlying Event measurements in pp collisions at sqrt(s) = 0.9
	and 7 TeV with the ALICE experiment at the LHC}},
  journal = {JHEP},
  year = {2012},
  volume = {1207},
  pages = {116},
  archiveprefix = {arXiv},
  collaboration = {ALICE Collaboration},
  comment = {UE in pp 0.9 and 7 TeV},
  doi = {10.1007/JHEP07(2012)116},
  eprint = {1112.2082},
  file = {:/Users/janrak/papers/LHC/ALICE/UE_pp.pdf:PDF},
  primaryclass = {hep-ex},
  reportnumber = {CERN-PH-EP-2011-204},
  slaccitation = {%%CITATION = ARXIV:1112.2082;%%}
}

@ARTICLE{ALICE:2012ab,
  author = {Abelev, Betty and others},
  title = {{Suppression of high transverse momentum D mesons in central Pb-Pb
	collisions at $\sqrt{s_NN}=2.76$ TeV}},
  journal = {JHEP},
  year = {2012},
  volume = {1209},
  pages = {112},
  archiveprefix = {arXiv},
  collaboration = {ALICE Collaboration},
  comment = {PbPb charm},
  doi = {10.1007/JHEP09(2012)112},
  eprint = {1203.2160},
  file = {:/Users/janrak/papers/LHC/ALICE/PbPb/Charm_supp.pdf:PDF},
  primaryclass = {nucl-ex},
  reportnumber = {CERN-PH-EP-2012-069},
  slaccitation = {%%CITATION = ARXIV:1203.2160;%%}
}

@ARTICLE{ALICE:2012xs,
  author = {Abelev, Betty and others},
  title = {{Pseudorapidity density of charged particles $p$-Pb collisions at
	$\sqrt{s_NN}=5.02$ TeV}},
  journal = {Phys. Rev. Lett.},
  year = {2012},
  volume = {110},
  pages = {032301},
  archiveprefix = {arXiv},
  collaboration = {ALICE Collaboration},
  comment = {pA},
  eprint = {1210.3615},
  file = {:/Users/janrak/papers/LHC/ALICE/pPb/pPb-1210.3615.pdf:PDF},
  primaryclass = {nucl-ex},
  slaccitation = {%%CITATION = ARXIV:1210.3615;%%}
}

@ARTICLE{ALICE_LoI:2012,
  author = {ALICE},
  title = {{U}pgrade of the {ALICE} {E}xperiment {L}etter {O}f {I}ntent},
  journal = {CERN-LHCC-2012-012},
  year = {2012},
  volume = {ALICE-UG-001},
  collaboration = {ALICE Collaboration},
  owner = {janrak},
  timestamp = {2013.02.25}
}

@ARTICLE{JiriKral2012,
  author = {Kral, Jiri and Awes, Terry and Muller, Hans and Rak, Jan and Schambach,
	Joachim},
  title = {{L}0 trigger for the {EMC}al detector of the {ALICE} experiment},
  journal = {Nucl.Instrum.Meth.},
  year = {2012},
  volume = {A693},
  pages = {261-267},
  collaboration = {ALICE Collaboration},
  comment = {Jiri Kral L0 TRU trigger NIM},
  doi = {10.1016/j.nima.2012.06.065},
  file = {:/Users/janrak/papers/ALICE/FPGA/TRU-NIM.pdf:PDF},
  slaccitation = {%%CITATION = NUIMA,A617,5;%%}
}

@ARTICLE{PhysRevLett.109.072301,
  author = {Abelev, B. and Adam, J. and Adamov\'a, D. and Adare, A. M. and Aggarwal,
	M. M. and Aglieri Rinella, G. and Agocs, A. G. and Agostinelli, A.
	and Aguilar Salazar, S. and Ahammed, Z. and Ahmad Masoodi, A. and
	Ahmad, N. and Ahn, S. U. and Akindinov, A. and Aleksandrov, D. and
	Alessandro, B. and Alfaro Molina, R. and Alici, A. and Alkin, A.
	and Almar\'az Avi\~na, E. and Alme, J. and Alt, T. and Altini, V.
	and Altinpinar, S. and Altsybeev, I. and Andrei, C. and Andronic,
	A. and Anguelov, V. and Anielski, J. and Anson, C. and Anti\ifmmode
	\check{c}\else \v{c}\fi{}i\ifmmode \acute{c}\else \'{c}\fi{}, T.
	and Antinori, F. and Antonioli, P. and Aphecetche, L. and Appelsh\"auser,
	H. and Arbor, N. and Arcelli, S. and Arend, A. and Armesto, N. and
	Arnaldi, R. and Aronsson, T. and Arsene, I. C. and Arslandok, M.
	and Asryan, A. and Augustinus, A. and Averbeck, R. and Awes, T. C.
	and \"Ayst\"o, J. and Azmi, M. D. and Bach, M. and Badal\`a, A. and
	Baek, Y. W. and Bailhache, R. and Bala, R. and Baldini Ferroli, R.
	and Baldisseri, A. and Baldit, A. and Baltasar Dos Santos Pedrosa,
	F. and B\'an, J. and Baral, R. C. and Barbera, R. and Barile, F.
	and Barnaf\"oldi, G. G. and Barnby, L. S. and Barret, V. and Bartke,
	J. and Basile, M. and Bastid, N. and Bathen, B. and Batigne, G. and
	Batyunya, B. and Baumann, C. and Bearden, I. G. and Beck, H. and
	Belikov, I. and Bellini, F. and Bellwied, R. and Belmont-Moreno,
	E. and Bencedi, G. and Beole, S. and Berceanu, I. and Bercuci, A.
	and Berdnikov, Y. and Berenyi, D. and Bergmann, C. and Berzano, D.
	and Betev, L. and Bhasin, A. and Bhati, A. K. and Bianchi, L. and
	Bianchi, N. and Bianchin, C. and Biel\ifmmode \check{c}\else \v{c}\fi{}\'\ik,
	J. and Biel\ifmmode \check{c}\else \v{c}\fi{}\'\ikov\'a, J. and Bilandzic,
	A. and Bjelogrlic, S. and Blanco, F. and Blanco, F. and Blau, D.
	and Blume, C. and Boccioli, M. and Bock, N. and Bogdanov, A. and
	B\o{}ggild, H. and Bogolyubsky, M. and Boldizs\'ar, L. and Bombara,
	M. and Book, J. and Borel, H. and Borissov, A. and Bose, S. and Boss\'u,
	F. and Botje, M. and B\"ottger, S. and Boyer, B. and Braidot, E.
	and Braun-Munzinger, P. and Bregant, M. and Breitner, T. and Browning,
	T. A. and Broz, M. and Brun, R. and Bruna, E. and Bruno, G. E. and
	Budnikov, D. and Buesching, H. and Bufalino, S. and Bugaiev, K. and
	Busch, O. and Buthelezi, Z. and Caballero Orduna, D. and Caffarri,
	D. and Cai, X. and Caines, H. and Calvo Villar, E. and Camerini,
	P. and Canoa Roman, V. and Cara Romeo, G. and Carena, W. and Carena,
	F. and Carlin Filho, N. and Carminati, F. and Carrillo Montoya, C.
	A. and Casanova D\'\iaz, A. and Castillo Castellanos, J. and Castillo
	Hernandez, J. F. and Casula, E. A. R. and Catanescu, V. and Cavicchioli,
	C. and Cepila, J. and Cerello, P. and Chang, B. and Chapeland, S.
	and Charvet, J. L. and Chattopadhyay, S. and Chattopadhyay, S. and
	Chawla, I. and Cherney, M. and Cheshkov, C. and Cheynis, B. and Chiavassa,
	E. and Chibante Barroso, V. and Chinellato, D. D. and Chochula, P.
	and Chojnacki, M. and Christakoglou, P. and Christensen, C. H. and
	Christiansen, P. and Chujo, T. and Chung, S. U. and Cicalo, C. and
	Cifarelli, L. and Cindolo, F. and Cleymans, J. and Coccetti, F. and
	Colamaria, F. and Colella, D. and Conesa Balbastre, G. and Conesa
	del Valle, Z. and Constantin, P. and Contin, G. and Contreras, J.
	G. and Cormier, T. M. and Corrales Morales, Y. and Cortese, P. and
	Cort\'es Maldonado, I. and Cosentino, M. R. and Costa, F. and Cotallo,
	M. E. and Crescio, E. and Crochet, P. and Cruz Alaniz, E. and Cuautle,
	E. and Cunqueiro, L. and Dainese, A. and Dalsgaard, H. H. and Danu,
	A. and Das, K. and Das, I. and Das, D. and Dash, A. and Dash, S.
	and De, S. and de Barros, G. O. V. and De Caro, A. and de Cataldo,
	G. and de Cuveland, J. and De Falco, A. and De Gruttola, D. and Delagrange,
	H. and Del Castillo Sanchez, E. and Deloff, A. and Demanov, V. and
	De Marco, N. and D\'enes, E. and De Pasquale, S. and Deppman, A.
	and D'Erasmo, G. and de Rooij, R. and Diaz Corchero, M. A. and Di
	Bari, D. and Dietel, T. and Di Giglio, C. and Di Liberto, S. and
	Di Mauro, A. and Di Nezza, P. and Divi\`a, R. and Djuvsland, \O{}.
	and Dobrin, A. and Dobrowolski, T. and Dom\'\inguez, I. and D\"onigus,
	B. and Dordic, O. and Driga, O. and Dubey, A. K. and Ducroux, L.
	and Dupieux, P. and Dutta Majumdar, A. K. and Dutta Majumdar, M.
	R. and Elia, D. and Emschermann, D. and Engel, H. and Erdal, H. A.
	and Espagnon, B. and Estienne, M. and Esumi, S. and Evans, D. and
	Eyyubova, G. and Fabris, D. and Faivre, J. and Falchieri, D. and
	Fantoni, A. and Fasel, M. and Fearick, R. and Fedunov, A. and Fehlker,
	D. and Feldkamp, L. and Felea, D. and Feofilov, G. and Fern\'andez
	T\'ellez, A. and Ferretti, A. and Ferretti, R. and Figiel, J. and
	Figueredo, M. A. S. and Filchagin, S. and Finogeev, D. and Fionda,
	F. M. and Fiore, E. M. and Floris, M. and Foertsch, S. and Foka,
	P. and Fokin, S. and Fragiacomo, E. and Fragkiadakis, M. and Frankenfeld,
	U. and Fuchs, U. and Furget, C. and Fusco Girard, M. and Gaardh\o{}je,
	J. J. and Gagliardi, M. and Gago, A. and Gallio, M. and Gangadharan,
	D. R. and Ganoti, P. and Garabatos, C. and Garcia-Solis, E. and Garishvili,
	I. and Gerhard, J. and Germain, M. and Geuna, C. and Gheata, A. and
	Gheata, M. and Ghidini, B. and Ghosh, P. and Gianotti, P. and Girard,
	M. R. and Giubellino, P. and Gladysz-Dziadus, E. and Gl\"assel, P.
	and Gomez, R. and Ferreiro, E. G. and Gonz\'alez-Trueba, L. H. and
	Gonz\'alez-Zamora, P. and Gorbunov, S. and Goswami, A. and Gotovac,
	S. and Grabski, V. and Graczykowski, L. K. and Grajcarek, R. and
	Grelli, A. and Grigoras, A. and Grigoras, C. and Grigoriev, V. and
	Grigoryan, A. and Grigoryan, S. and Grinyov, B. and Grion, N. and
	Gros, P. and Grosse-Oetringhaus, J. F. and Grossiord, J.-Y. and Grosso,
	R. and Guber, F. and Guernane, R. and Guerra Gutierrez, C. and Guerzoni,
	B. and Guilbaud, M. and Gulbrandsen, K. and Gunji, T. and Gupta,
	A. and Gupta, R. and Gutbrod, H. and Haaland, \O{}. and Hadjidakis,
	C. and Haiduc, M. and Hamagaki, H. and Hamar, G. and Han, B. H. and
	Hanratty, L. D. and Hansen, A. and Harmanova, Z. and Harris, J. W.
	and Hartig, M. and Hasegan, D. and Hatzifotiadou, D. and Hayrapetyan,
	A. and Heckel, S. T. and Heide, M. and Helstrup, H. and Herghelegiu,
	A. and Herrera Corral, G. and Herrmann, N. and Hetland, K. F. and
	Hicks, B. and Hille, P. T. and Hippolyte, B. and Horaguchi, T. and
	Hori, Y. and Hristov, P. and H\ifmmode \check{r}\else \v{r}\fi{}ivn\'a\ifmmode
	\check{c}\else \v{c}\fi{}ov\'a, I. and Huang, M. and Huber, S. and
	Humanic, T. J. and Hwang, D. S. and Ichou, R. and Ilkaev, R. and
	Ilkiv, I. and Inaba, M. and Incani, E. and Innocenti, G. M. and Innocenti,
	P. G. and Ippolitov, M. and Irfan, M. and Ivan, C. and Ivanov, V.
	and Ivanov, A. and Ivanov, M. and Ivanytskyi, O. and Jacho\l{}kowski,
	A. and Jacobs, P. M. and Jancurov\'a, L. and Jang, H. J. and Jangal,
	S. and Janik, M. A. and Janik, R. and Jayarathna, P. H. S. Y. and
	Jena, S. and Jimenez Bustamante, R. T. and Jirden, L. and Jones,
	P. G. and Jung, H. and Jusko, A. and Kaidalov, A. B. and Kakoyan,
	V. and Kalcher, S. and Kali\ifmmode \check{n}\else \v{n}\fi{}\'ak,
	P. and Kalisky, M. and Kalliokoski, T. and Kalweit, A. and Kanaki,
	K. and Kang, J. H. and Kaplin, V. and Karasu Uysal, A. and Karavichev,
	O. and Karavicheva, T. and Karpechev, E. and Kazantsev, A. and Kebschull,
	U. and Keidel, R. and Khan, M. M. and Khan, S. A. and Khan, P. and
	Khanzadeev, A. and Kharlov, Y. and Kileng, B. and Kim, M. and Kim,
	J. S. and Kim, D. J. and Kim, T. and Kim, B. and Kim, S. and Kim,
	S. H. and Kim, D. W. and Kim, J. H. and Kirsch, S. and Kisel, I.
	and Kiselev, S. and Kisiel, A. and Klay, J. L. and Klein, J. and
	Klein-B\"osing, C. and Kliemant, M. and Kluge, A. and Knichel, M.
	L. and Knospe, A. G. and Koch, K. and K\"ohler, M. K. and Kolojvari,
	A. and Kondratiev, V. and Kondratyeva, N. and Konevskikh, A. and
	Korneev, A. and Kottachchi Kankanamge Don, C. and Kour, R. and Kowalski,
	M. and Kox, S. and Koyithatta Meethaleveedu, G. and Kral, J. and
	Kr\'alik, I. and Kramer, F. and Kraus, I. and Krawutschke, T. and
	Krelina, M. and Kretz, M. and Krivda, M. and Krizek, F. and Krus,
	M. and Kryshen, E. and Krzewicki, M. and Kucheriaev, Y. and Kuhn,
	C. and Kuijer, P. G. and Kurashvili, P. and Kurepin, A. and Kurepin,
	A. B. and Kuryakin, A. and Kushpil, S. and Kushpil, V. and Kvaerno,
	H. and Kweon, M. J. and Kwon, Y. and Ladr\'on de Guevara, P. and
	Lakomov, I. and Langoy, R. and Lara, C. and Lardeux, A. and La Rocca,
	P. and Lazzeroni, C. and Lea, R. and Le Bornec, Y. and Lee, S. C.
	and Lee, K. S. and Lef\`evre, F. and Lehnert, J. and Leistam, L.
	and Lenhardt, M. and Lenti, V. and Le\'on, H. and Le\'on Monz\'on,
	I. and Le\'on Vargas, H. and L\'evai, P. and Lien, J. and Lietava,
	R. and Lindal, S. and Lindenstruth, V. and Lippmann, C. and Lisa,
	M. A. and Liu, L. and Loenne, P. I. and Loggins, V. R. and Loginov,
	V. and Lohn, S. and Lohner, D. and Loizides, C. and Loo, K. K. and
	Lopez, X. and L\'opez Torres, E. and L\o{}vh\o{}iden, G. and Lu,
	X.-G. and Luettig, P. and Lunardon, M. and Luo, J. and Luparello,
	G. and Luquin, L. and Luzzi, C. and Ma, K. and Ma, R. and Madagodahettige-Don,
	D. M. and Maevskaya, A. and Mager, M. and Mahapatra, D. P. and Maire,
	A. and Malaev, M. and Maldonado Cervantes, I. and Malinina, L. and
	Mal'Kevich, D. and Malzacher, P. and Mamonov, A. and Manceau, L.
	and Mangotra, L. and Manko, V. and Manso, F. and Manzari, V. and
	Mao, Y. and Marchisone, M. and Mare\ifmmode \check{s}\else \v{s}\fi{},
	J. and Margagliotti, G. V. and Margotti, A. and Mar\'\in, A. and
	Marin Tobon, C. A. and Markert, C. and Martashvili, I. and Martinengo,
	P. and Mart\'\inez, M. I. and Mart\'\inez Davalos, A. and Mart\'\inez
	Garc\'\ia, G. and Martynov, Y. and Mas, A. and Masciocchi, S. and
	Masera, M. and Masoni, A. and Massacrier, L. and Mastromarco, M.
	and Mastroserio, A. and Matthews, Z. L. and Matyja, A. and Mayani,
	D. and Mayer, C. and Mazer, J. and Mazzoni, M. A. and Meddi, F. and
	Menchaca-Rocha, A. and Mercado P\'erez, J. and Meres, M. and Miake,
	Y. and Milano, L. and Milosevic, J. and Mischke, A. and Mishra, A.
	N. and Mi\ifmmode \acute{s}\else \'{s}\fi{}kowiec, D. and Mitu, C.
	and Mlynarz, J. and Mohanty, A. K. and Mohanty, B. and Molnar, L.
	and Monta\~no Zetina, L. and Monteno, M. and Montes, E. and Moon,
	T. and Morando, M. and Moreira De Godoy, D. A. and Moretto, S. and
	Morsch, A. and Muccifora, V. and Mudnic, E. and Muhuri, S. and M\"uller,
	H. and Munhoz, M. G. and Musa, L. and Musso, A. and Nandi, B. K.
	and Nania, R. and Nappi, E. and Nattrass, C. and Naumov, N. P. and
	Navin, S. and Nayak, T. K. and Nazarenko, S. and Nazarov, G. and
	Nedosekin, A. and Nicassio, M. and Nielsen, B. S. and Niida, T. and
	Nikolaev, S. and Nikolic, V. and Nikulin, V. and Nikulin, S. and
	Nilsen, B. S. and Nilsson, M. S. and Noferini, F. and Nomokonov,
	P. and Nooren, G. and Novitzky, N. and Nyanin, A. and Nyatha, A.
	and Nygaard, C. and Nystrand, J. and Ochirov, A. and Oeschler, H.
	and Oh, S. K. and Oh, S. and Oleniacz, J. and Oppedisano, C. and
	Ortiz Velasquez, A. and Ortona, G. and Oskarsson, A. and Ostrowski,
	P. and Otwinowski, J. and Oyama, K. and Ozawa, K. and Pachmayer,
	Y. and Pachr, M. and Padilla, F. and Pagano, P. and Pai\ifmmode \acute{c}\else
	\'{c}\fi{}, G. and Painke, F. and Pajares, C. and Pal, S. K. and
	Pal, S. and Palaha, A. and Palmeri, A. and Papikyan, V. and Pappalardo,
	G. S. and Park, W. J. and Passfeld, A. and Pastir\ifmmode \check{c}\else
	\v{c}\fi{}\'ak, B. and Patalakha, D. I. and Paticchio, V. and Pavlinov,
	A. and Pawlak, T. and Peitzmann, T. and Pereira De Oliveira Filho,
	E. and Peresunko, D. and P\'erez Lara, C. E. and Perez Lezama, E.
	and Perini, D. and Perrino, D. and Peryt, W. and Pesci, A. and Peskov,
	V. and Pestov, Y. and Petr\'a\ifmmode \check{c}\else \v{c}\fi{}ek,
	V. and Petran, M. and Petris, M. and Petrov, P. and Petrovici, M.
	and Petta, C. and Piano, S. and Piccotti, A. and Pikna, M. and Pillot,
	P. and Pinazza, O. and Pinsky, L. and Pitz, N. and Piuz, F. and Piyarathna,
	D. B. and P\l{}osko\ifmmode \acute{n}\else \'{n}\fi{}, M. and Pluta,
	J. and Pocheptsov, T. and Pochybova, S. and Podesta-Lerma, P. L.
	M. and Poghosyan, M. G. and Pol\'ak, K. and Polichtchouk, B. and
	Pop, A. and Porteboeuf-Houssais, S. and Posp\'\i\ifmmode \check{s}\else
	\v{s}\fi{}il, V. and Potukuchi, B. and Prasad, S. K. and Preghenella,
	R. and Prino, F. and Pruneau, C. A. and Pshenichnov, I. and Puchagin,
	S. and Puddu, G. and Pujol Teixido, J. and Pulvirenti, A. and Punin,
	V. and Puti\ifmmode \check{s}\else \v{s}\fi{}, M. and Putschke, J.
	and Quercigh, E. and Qvigstad, H. and Rachevski, A. and Rademakers,
	A. and Radomski, S. and R\"aih\"a, T. S. and Rak, J. and Rakotozafindrabe,
	A. and Ramello, L. and Ram\'\irez Reyes, A. and Raniwala, S. and
	Raniwala, R. and R\"as\"anen, S. S. and Rascanu, B. T. and Rathee,
	D. and Read, K. F. and Real, J. S. and Redlich, K. and Reichelt,
	P. and Reicher, M. and Renfordt, R. and Reolon, A. R. and Reshetin,
	A. and Rettig, F. and Revol, J.-P. and Reygers, K. and Riccati, L.
	and Ricci, R. A. and Richert, T. and Richter, M. and Riedler, P.
	and Riegler, W. and Riggi, F. and Rodr\'\iguez Cahuantzi, M. and
	R\o{}ed, K. and Rohr, D. and R\"ohrich, D. and Romita, R. and Ronchetti,
	F. and Rosnet, P. and Rossegger, S. and Rossi, A. and Roukoutakis,
	F. and Roy, C. and Roy, P. and Rubio Montero, A. J. and Rui, R. and
	Ryabinkin, E. and Rybicki, A. and Sadovsky, S. and \ifmmode \check{S}\else
	\v{S}\fi{}afa\ifmmode \check{r}\else \v{r}\fi{}\'\ik, K. and Sahoo,
	R. and Sahu, P. K. and Saini, J. and Sakaguchi, H. and Sakai, S.
	and Sakata, D. and Salgado, C. A. and Salzwedel, J. and Sambyal,
	S. and Samsonov, V. and Sanchez Castro, X. and \ifmmode \check{S}\else
	\v{S}\fi{}\'andor, L. and Sandoval, A. and Sano, S. and Sano, M.
	and Santo, R. and Santoro, R. and Sarkamo, J. and Scapparone, E.
	and Scarlassara, F. and Scharenberg, R. P. and Schiaua, C. and Schicker,
	R. and Schmidt, H. R. and Schmidt, C. and Schreiner, S. and Schuchmann,
	S. and Schukraft, J. and Schutz, Y. and Schwarz, K. and Schweda,
	K. and Scioli, G. and Scomparin, E. and Scott, P. A. and Scott, R.
	and Segato, G. and Selyuzhenkov, I. and Senyukov, S. and Seo, J.
	and Serci, S. and Serradilla, E. and Sevcenco, A. and Sgura, I. and
	Shabetai, A. and Shabratova, G. and Shahoyan, R. and Sharma, N. and
	Sharma, S. and Shigaki, K. and Shimomura, M. and Shtejer, K. and
	Sibiriak, Y. and Siciliano, M. and Sicking, E. and Siddhanta, S.
	and Siemiarczuk, T. and Silvermyr, D. and Silvestre, c. and Simonetti,
	G. and Singaraju, R. and Singh, R. and Singha, S. and Sinha, T. and
	Sinha, B. C. and Sitar, B. and Sitta, M. and Skaali, T. B. and Skjerdal,
	K. and Smakal, R. and Smirnov, N. and Snellings, R. J. M. and S\o{}gaard,
	C. and Soltz, R. and Son, H. and Song, M. and Song, J. and Soos,
	C. and Soramel, F. and Sputowska, I. and Spyropoulou-Stassinaki,
	M. and Srivastava, B. K. and Stachel, J. and Stan, I. and Stan, I.
	and Stefanek, G. and Stefanini, G. and Steinbeck, T. and Steinpreis,
	M. and Stenlund, E. and Steyn, G. and Stocco, D. and Stolpovskiy,
	M. and Strabykin, K. and Strmen, P. and Suaide, A. A. P. and Subieta
	V\'asquez, M. A. and Sugitate, T. and Suire, C. and Sukhorukov, M.
	and Sultanov, R. and \ifmmode \check{S}\else \v{S}\fi{}umbera, M.
	and Susa, T. and Szanto de Toledo, A. and Szarka, I. and Szostak,
	A. and Tagridis, C. and Takahashi, J. and Tapia Takaki, J. D. and
	Tauro, A. and Tejeda Mu\~noz, G. and Telesca, A. and Terrevoli, C.
	and Th\"ader, J. and Thomas, D. and Tieulent, R. and Timmins, A.
	R. and Tlusty, D. and Toia, A. and Torii, H. and Toscano, L. and
	Tosello, F. and Truesdale, D. and Trzaska, W. H. and Tsuji, T. and
	Tumkin, A. and Turrisi, R. and Tveter, T. S. and Ulery, J. and Ullaland,
	K. and Ulrich, J. and Uras, A. and Urb\'an, J. and Urciuoli, G. M.
	and Usai, G. L. and Vajzer, M. and Vala, M. and Valencia Palomo,
	L. and Vallero, S. and van der Kolk, N. and Vande Vyvre, P. and van
	Leeuwen, M. and Vannucci, L. and Vargas, A. and Varma, R. and Vasileiou,
	M. and Vasiliev, A. and Vechernin, V. and Veldhoen, M. and Venaruzzo,
	M. and Vercellin, E. and Vergara, S. and Vernekohl, D. C. and Vernet,
	R. and Verweij, M. and Vickovic, L. and Viesti, G. and Vikhlyantsev,
	O. and Vilakazi, Z. and Villalobos Baillie, O. and Vinogradov, A.
	and Vinogradov, Y. and Vinogradov, L. and Virgili, T. and Viyogi,
	Y. P. and Vodopyanov, A. and Voloshin, S. and Voloshin, K. and Volpe,
	G. and von Haller, B. and Vranic, D. and \O{}vrebekk, G. and Vrl\'akov\'a,
	J. and Vulpescu, B. and Vyushin, A. and Wagner, B. and Wagner, V.
	and Wan, R. and Wang, Y. and Wang, D. and Wang, Y. and Wang, M. and
	Watanabe, K. and Wessels, J. P. and Westerhoff, U. and Wiechula,
	J. and Wikne, J. and Wilde, M. and Wilk, G. and Wilk, A. and Williams,
	M. C. S. and Windelband, B. and Xaplanteris Karampatsos, L. and Yang,
	H. and Yang, S. and Yasnopolskiy, S. and Yi, J. and Yin, Z. and Yokoyama,
	H. and Yoo, I.-K. and Yoon, J. and Yu, W. and Yuan, X. and Yushmanov,
	I. and Zach, C. and Zampolli, C. and Zaporozhets, S. and Zarochentsev,
	A. and Z\'avada, P. and Zaviyalov, N. and Zbroszczyk, H. and Zelnicek,
	P. and Zgura, I. S. and Zhalov, M. and Zhang, X. and Zhou, D. and
	Zhou, Y. and Zhou, F. and Zhu, X. and Zichichi, A. and Zimmermann,
	A. and Zinovjev, G. and Zoccarato, Y. and Zynovyev, M.},
  title = {${J}/$\psi${}$ {S}uppression at {F}orward {R}apidity in {P}b-{P}b
	{C}ollisions at $\sqrt{{s}_{\mathrmNN}}=2.76\text{\,}\text{\,}\mathrm{TeV}$},
  journal = {Phys. Rev. Lett.},
  year = {2012},
  volume = {109},
  pages = {072301},
  month = {Aug},
  collaboration = {ALICE Collaboration},
  comment = {PbPb JPsi},
  doi = {10.1103/PhysRevLett.109.072301},
  file = {:/Users/janrak/papers/LHC/ALICE/PbPb/PhysRevLett.109.072301.pdf:PDF},
  issue = {7},
  numpages = {11},
  publisher = {American Physical Society},
  url = {http://link.aps.org/doi/10.1103/PhysRevLett.109.072301}
}

@ARTICLE{PhysRevLett.109.112301,
  author = {Abelev, B. and Adam, J. and Adamov\'a, D. and Adare, A. M. and Aggarwal,
	M. M. and Aglieri Rinella, G. and Agocs, A. G. and Agostinelli, A.
	and Aguilar Salazar, S. and Ahammed, Z. and Ahmad Masoodi, A. and
	Ahmad, N. and Ahn, S. A. and Ahn, S. U. and Akindinov, A. and Aleksandrov,
	D. and Alessandro, B. and Alfaro Molina, R. and Alici, A. and Alkin,
	A. and Almar\'az Avi\~na, E. and Alme, J. and Alt, T. and Altini,
	V. and Altinpinar, S. and Altsybeev, I. and Andrei, C. and Andronic,
	A. and Anguelov, V. and Anielski, J. and Anson, C. and Anti\ifmmode
	\check{c}\else \v{c}\fi{}i\ifmmode \acute{c}\else \'{c}\fi{}, T.
	and Antinori, F. and Antonioli, P. and Aphecetche, L. and Appelsh\"auser,
	H. and Arbor, N. and Arcelli, S. and Arend, A. and Armesto, N. and
	Arnaldi, R. and Aronsson, T. and Arsene, I. C. and Arslandok, M.
	and Asryan, A. and Augustinus, A. and Averbeck, R. and Awes, T. C.
	and \"Ayst\"o, J. and Azmi, M. D. and Bach, M. and Badal\`a, A. and
	Baek, Y. W. and Bailhache, R. and Bala, R. and Baldini Ferroli, R.
	and Baldisseri, A. and Baldit, A. and Baltasar Dos Santos Pedrosa,
	F. and B\'an, J. and Baral, R. C. and Barbera, R. and Barile, F.
	and Barnaf\"oldi, G. G. and Barnby, L. S. and Barret, V. and Bartke,
	J. and Basile, M. and Bastid, N. and Basu, S. and Bathen, B. and
	Batigne, G. and Batyunya, B. and Baumann, C. and Bearden, I. G. and
	Beck, H. and Belikov, I. and Bellini, F. and Bellwied, R. and Belmont-Moreno,
	E. and Bencedi, G. and Beole, S. and Berceanu, I. and Bercuci, A.
	and Berdnikov, Y. and Berenyi, D. and Bergognon, A. A. E. and Berzano,
	D. and Betev, L. and Bhasin, A. and Bhati, A. K. and Bhom, J. and
	Bianchi, L. and Bianchi, N. and Bianchin, C. and Biel\ifmmode \check{c}\else
	\v{c}\fi{}\'\ik, J. and Biel\ifmmode \check{c}\else \v{c}\fi{}\'\ikov\'a,
	J. and Bilandzic, A. and Bjelogrlic, S. and Blanco, F. and Blanco,
	F. and Blau, D. and Blume, C. and Boccioli, M. and Bock, N. and B\"ottger,
	S. and Bogdanov, A. and B\o{}ggild, H. and Bogolyubsky, M. and Boldizs\'ar,
	L. and Bombara, M. and Book, J. and Borel, H. and Borissov, A. and
	Bose, S. and Boss\'u, F. and Botje, M. and Boyer, B. and Braidot,
	E. and Braun-Munzinger, P. and Bregant, M. and Breitner, T. and Browning,
	T. A. and Broz, M. and Brun, R. and Bruna, E. and Bruno, G. E. and
	Budnikov, D. and Buesching, H. and Bufalino, S. and Bugaiev, K. and
	Busch, O. and Buthelezi, Z. and Caballero Orduna, D. and Caffarri,
	D. and Cai, X. and Caines, H. and Calvo Villar, E. and Camerini,
	P. and Canoa Roman, V. and Cara Romeo, G. and Carena, F. and Carena,
	W. and Carlin Filho, N. and Carminati, F. and Carrillo Montoya, C.
	A. and Casanova D\'\iaz, A. and Castillo Castellanos, J. and Castillo
	Hernandez, J. F. and Casula, E. A. R. and Catanescu, V. and Cavicchioli,
	C. and Ceballos Sanchez, C. and Cepila, J. and Cerello, P. and Chang,
	B. and Chapeland, S. and Charvet, J. L. and Chattopadhyay, S. and
	Chattopadhyay, S. and Chawla, I. and Cherney, M. and Cheshkov, C.
	and Cheynis, B. and Chibante Barroso, V. and Chinellato, D. D. and
	Chochula, P. and Chojnacki, M. and Choudhury, S. and Christakoglou,
	P. and Christensen, C. H. and Christiansen, P. and Chujo, T. and
	Chung, S. U. and Cicalo, C. and Cifarelli, L. and Cindolo, F. and
	Cleymans, J. and Coccetti, F. and Colamaria, F. and Colella, D. and
	Conesa Balbastre, G. and Conesa del Valle, Z. and Constantin, P.
	and Contin, G. and Contreras, J. G. and Cormier, T. M. and Corrales
	Morales, Y. and Cortese, P. and Cort\'es Maldonado, I. and Cosentino,
	M. R. and Costa, F. and Cotallo, M. E. and Crescio, E. and Crochet,
	P. and Cruz Alaniz, E. and Cuautle, E. and Cunqueiro, L. and Dainese,
	A. and Dalsgaard, H. H. and Danu, A. and Das, D. and Das, I. and
	Das, K. and Dash, S. and Dash, A. and De, S. and de Barros, G. O.
	V. and De Caro, A. and de Cataldo, G. and de Cuveland, J. and De
	Falco, A. and De Gruttola, D. and Delagrange, H. and Deloff, A. and
	Demanov, V. and De Marco, N. and D\'enes, E. and De Pasquale, S.
	and Deppman, A. and Erasmo, G. D. and de Rooij, R. and Diaz Corchero,
	M. A. and Di Bari, D. and Dietel, T. and Di Liberto, S. and Di Mauro,
	A. and Di Nezza, P. and Divi\`a, R. and Djuvsland, \O{}. and Dobrin,
	A. and Dobrowolski, T. and Dom\'\inguez, I. and D\"onigus, B. and
	Dordic, O. and Driga, O. and Dubey, A. K. and Ducroux, L. and Dupieux,
	P. and Dutta Majumdar, M. R. and Dutta Majumdar, A. K. and Elia,
	D. and Emschermann, D. and Engel, H. and Erdal, H. A. and Espagnon,
	B. and Estienne, M. and Esumi, S. and Evans, D. and Eyyubova, G.
	and Fabris, D. and Faivre, J. and Falchieri, D. and Fantoni, A. and
	Fasel, M. and Fearick, R. and Fedunov, A. and Fehlker, D. and Feldkamp,
	L. and Felea, D. and Fenton-Olsen, B. and Feofilov, G. and Fern\'andez
	T\'ellez, A. and Ferretti, A. and Ferretti, R. and Figiel, J. and
	Figueredo, M. A. S. and Filchagin, S. and Finogeev, D. and Fionda,
	F. M. and Fiore, E. M. and Floris, M. and Foertsch, S. and Foka,
	P. and Fokin, S. and Fragiacomo, E. and Frankenfeld, U. and Fuchs,
	U. and Furget, C. and Fusco Girard, M. and Gaardh\o{}je, J. J. and
	Gagliardi, M. and Gago, A. and Gallio, M. and Gangadharan, D. R.
	and Ganoti, P. and Garabatos, C. and Garcia-Solis, E. and Garishvili,
	I. and Gerhard, J. and Germain, M. and Geuna, C. and Gheata, A. and
	Gheata, M. and Ghidini, B. and Ghosh, P. and Gianotti, P. and Girard,
	M. R. and Giubellino, P. and Gladysz-Dziadus, E. and Gl\"assel, P.
	and Gomez, R. and Gonschior, A. and Ferreiro, E. G. and Gonz\'alez-Trueba,
	L. H. and Gonz\'alez-Zamora, P. and Gorbunov, S. and Goswami, A.
	and Gotovac, S. and Grabski, V. and Graczykowski, L. K. and Grajcarek,
	R. and Grelli, A. and Grigoras, C. and Grigoras, A. and Grigoriev,
	V. and Grigoryan, A. and Grigoryan, S. and Grinyov, B. and Grion,
	N. and Gros, P. and Grosse-Oetringhaus, J. F. and Grossiord, J.-Y.
	and Grosso, R. and Guber, F. and Guernane, R. and Guerra Gutierrez,
	C. and Guerzoni, B. and Guilbaud, M. and Gulbrandsen, K. and Gunji,
	T. and Gupta, A. and Gupta, R. and Gutbrod, H. and Haaland, \O{}.
	and Hadjidakis, C. and Haiduc, M. and Hamagaki, H. and Hamar, G.
	and Han, B. H. and Hanratty, L. D. and Hansen, A. and Harmanova,
	Z. and Harris, J. W. and Hartig, M. and Hasegan, D. and Hatzifotiadou,
	D. and Hayrapetyan, A. and Heckel, S. T. and Heide, M. and Helstrup,
	H. and Herghelegiu, A. and Herrera Corral, G. and Herrmann, N. and
	Hess, B. A. and Hetland, K. F. and Hicks, B. and Hille, P. T. and
	Hippolyte, B. and Horaguchi, T. and Hori, Y. and Hristov, P. and
	H\ifmmode \check{r}\else \v{r}\fi{}ivn\'a\ifmmode \check{c}\else
	\v{c}\fi{}ov\'a, I. and Huang, M. and Humanic, T. J. and Hwang, D.
	S. and Ichou, R. and Ilkaev, R. and Ilkiv, I. and Inaba, M. and Incani,
	E. and Innocenti, G. M. and Innocenti, P. G. and Ippolitov, M. and
	Irfan, M. and Ivan, C. and Ivanov, V. and Ivanov, M. and Ivanov,
	A. and Ivanytskyi, O. and Jacho\l{}kowski, A. and Jacobs, P. M. and
	Jang, H. J. and Jangal, S. and Janik, M. A. and Janik, R. and Jayarathna,
	P. H. S. Y. and Jena, S. and Jha, D. M. and Jimenez Bustamante, R.
	T. and Jirden, L. and Jones, P. G. and Jung, H. and Jusko, A. and
	Kaidalov, A. B. and Kakoyan, V. and Kalcher, S. and Kali\ifmmode
	\check{n}\else \v{n}\fi{}\'ak, P. and Kalliokoski, T. and Kalweit,
	A. and Kanaki, K. and Kang, J. H. and Kaplin, V. and Karasu Uysal,
	A. and Karavichev, O. and Karavicheva, T. and Karpechev, E. and Kazantsev,
	A. and Kebschull, U. and Keidel, R. and Khan, P. and Khan, M. M.
	and Khan, S. A. and Khanzadeev, A. and Kharlov, Y. and Kileng, B.
	and Kim, D. W. and Kim, M. and Kim, M. and Kim, S. H. and Kim, D.
	J. and Kim, S. and Kim, J. H. and Kim, J. S. and Kim, B. and Kim,
	T. and Kirsch, S. and Kisel, I. and Kiselev, S. and Kisiel, A. and
	Klay, J. L. and Klein, J. and Klein-B\"osing, C. and Kliemant, M.
	and Kluge, A. and Knichel, M. L. and Knospe, A. G. and Koch, K. and
	K\"ohler, M. K. and Kolojvari, A. and Kondratiev, V. and Kondratyeva,
	N. and Konevskikh, A. and Korneev, A. and Kour, R. and Kowalski,
	M. and Kox, S. and Koyithatta Meethaleveedu, G. and Kral, J. and
	Kr\'alik, I. and Kramer, F. and Kraus, I. and Krawutschke, T. and
	Krelina, M. and Kretz, M. and Krivda, M. and Krizek, F. and Krus,
	M. and Kryshen, E. and Krzewicki, M. and Kucheriaev, Y. and Kuhn,
	C. and Kuijer, P. G. and Kulakov, I. and Kumar, J. and Kurashvili,
	P. and Kurepin, A. B. and Kurepin, A. and Kuryakin, A. and Kushpil,
	V. and Kushpil, S. and Kvaerno, H. and Kweon, M. J. and Kwon, Y.
	and Ladr\'on de Guevara, P. and Lakomov, I. and Langoy, R. and La
	Pointe, S. L. and Lara, C. and Lardeux, A. and La Rocca, P. and Lazzeroni,
	C. and Lea, R. and Le Bornec, Y. and Lechman, M. and Lee, S. C. and
	Lee, K. S. and Lee, G. R. and Lef\`evre, F. and Lehnert, J. and Leistam,
	L. and Lenhardt, M. and Lenti, V. and Le\'on, H. and Leoncino, M.
	and Le\'on Monz\'on, I. and Le\'on Vargas, H. and L\'evai, P. and
	Lien, J. and Lietava, R. and Lindal, S. and Lindenstruth, V. and
	Lippmann, C. and Lisa, M. A. and Liu, L. and Loenne, P. I. and Loggins,
	V. R. and Loginov, V. and Lohn, S. and Lohner, D. and Loizides, C.
	and Loo, K. K. and Lopez, X. and L\'opez Torres, E. and L\o{}vh\o{}iden,
	G. and Lu, X.-G. and Luettig, P. and Lunardon, M. and Luo, J. and
	Luparello, G. and Luquin, L. and Luzzi, C. and Ma, R. and Ma, K.
	and Madagodahettige-Don, D. M. and Maevskaya, A. and Mager, M. and
	Mahapatra, D. P. and Maire, A. and Malaev, M. and Maldonado Cervantes,
	I. and Malinina, L. and Mal'Kevich, D. and Malzacher, P. and Mamonov,
	A. and Manceau, L. and Mangotra, L. and Manko, V. and Manso, F. and
	Manzari, V. and Mao, Y. and Marchisone, M. and Mare\ifmmode \check{s}\else
	\v{s}\fi{}, J. and Margagliotti, G. V. and Margotti, A. and Mar\'\in,
	A. and Marin Tobon, C. A. and Markert, C. and Martashvili, I. and
	Martinengo, P. and Mart\'\inez, M. I. and Mart\'\inez Davalos, A.
	and Mart\'\inez Garc\'\ia, G. and Martynov, Y. and Mas, A. and Masciocchi,
	S. and Masera, M. and Masoni, A. and Massacrier, L. and Mastromarco,
	M. and Mastroserio, A. and Matthews, Z. L. and Matyja, A. and Mayani,
	D. and Mayer, C. and Mazer, J. and Mazzoni, M. A. and Meddi, F. and
	Menchaca-Rocha, A. and Mercado P\'erez, J. and Meres, M. and Miake,
	Y. and Milano, L. and Milosevic, J. and Mischke, A. and Mishra, A.
	N. and Mi\ifmmode \acute{s}\else \'{s}\fi{}kowiec, D. and Mitu, C.
	and Mlynarz, J. and Mohanty, B. and Mohanty, A. K. and Molnar, L.
	and Monta\~no Zetina, L. and Monteno, M. and Montes, E. and Moon,
	T. and Morando, M. and Moreira De Godoy, D. A. and Moretto, S. and
	Morsch, A. and Muccifora, V. and Mudnic, E. and Muhuri, S. and Mukherjee,
	M. and M\"uller, H. and Munhoz, M. G. and Musa, L. and Musso, A.
	and Nandi, B. K. and Nania, R. and Nappi, E. and Nattrass, C. and
	Naumov, N. P. and Navin, S. and Nayak, T. K. and Nazarenko, S. and
	Nazarov, G. and Nedosekin, A. and Niculescu, M. and Nielsen, B. S.
	and Niida, T. and Nikolaev, S. and Nikolic, V. and Nikulin, S. and
	Nikulin, V. and Nilsen, B. S. and Nilsson, M. S. and Noferini, F.
	and Nomokonov, P. and Nooren, G. and Novitzky, N. and Nyanin, A.
	and Nyatha, A. and Nygaard, C. and Nystrand, J. and Ochirov, A. and
	Oeschler, H. and Oh, S. and Oh, S. K. and Oleniacz, J. and Oppedisano,
	C. and Ortiz Velasquez, A. and Ortona, G. and Oskarsson, A. and Ostrowski,
	P. and Otwinowski, J. and Oyama, K. and Ozawa, K. and Pachmayer,
	Y. and Pachr, M. and Padilla, F. and Pagano, P. and Pai\ifmmode \acute{c}\else
	\'{c}\fi{}, G. and Painke, F. and Pajares, C. and Pal, S. and Pal,
	S. K. and Palaha, A. and Palmeri, A. and Papikyan, V. and Pappalardo,
	G. S. and Park, W. J. and Passfeld, A. and Pastir\ifmmode \check{c}\else
	\v{c}\fi{}\'ak, B. and Patalakha, D. I. and Paticchio, V. and Pavlinov,
	A. and Pawlak, T. and Peitzmann, T. and Pereira Da Costa, H. and
	Pereira De Oliveira Filho, E. and Peresunko, D. and P\'erez Lara,
	C. E. and Perez Lezama, E. and Perini, D. and Perrino, D. and Peryt,
	W. and Pesci, A. and Peskov, V. and Pestov, Y. and Petr\'a\ifmmode
	\check{c}\else \v{c}\fi{}ek, V. and Petran, M. and Petris, M. and
	Petrov, P. and Petrovici, M. and Petta, C. and Piano, S. and Piccotti,
	A. and Pikna, M. and Pillot, P. and Pinazza, O. and Pinsky, L. and
	Pitz, N. and Piyarathna, D. B. and P\l{}osko\ifmmode \acute{n}\else
	\'{n}\fi{}, M. and Pluta, J. and Pocheptsov, T. and Pochybova, S.
	and Podesta-Lerma, P. L. M. and Poghosyan, M. G. and Pol\'ak, K.
	and Polichtchouk, B. and Pop, A. and Porteboeuf-Houssais, S. and
	Posp\'\i\ifmmode \check{s}\else \v{s}\fi{}il, V. and Potukuchi, B.
	and Prasad, S. K. and Preghenella, R. and Prino, F. and Pruneau,
	C. A. and Pshenichnov, I. and Puchagin, S. and Puddu, G. and Pujol
	Teixido, J. and Pulvirenti, A. and Punin, V. and Puti\ifmmode \check{s}\else
	\v{s}\fi{}, M. and Putschke, J. and Quercigh, E. and Qvigstad, H.
	and Rachevski, A. and Rademakers, A. and Radomski, S. and R\"aih\"a,
	T. S. and Rak, J. and Rakotozafindrabe, A. and Ramello, L. and Ram\'\irez
	Reyes, A. and Raniwala, S. and Raniwala, R. and R\"as\"anen, S. S.
	and Rascanu, B. T. and Rathee, D. and Read, K. F. and Real, J. S.
	and Redlich, K. and Reichelt, P. and Reicher, M. and Renfordt, R.
	and Reolon, A. R. and Reshetin, A. and Rettig, F. and Revol, J.-P.
	and Reygers, K. and Riccati, L. and Ricci, R. A. and Richert, T.
	and Richter, M. and Riedler, P. and Riegler, W. and Riggi, F. and
	Rodrigues Fernandes Rabacal, B. and Rodr\'\iguez Cahuantzi, M. and
	Rodriguez Manso, A. and R\o{}ed, K. and Rohr, D. and R\"ohrich, D.
	and Romita, R. and Ronchetti, F. and Rosnet, P. and Rossegger, S.
	and Rossi, A. and Roy, C. and Roy, P. and Rubio Montero, A. J. and
	Rui, R. and Ryabinkin, E. and Rybicki, A. and Sadovsky, S. and \ifmmode
	\check{S}\else \v{S}\fi{}afa\ifmmode \check{r}\else \v{r}\fi{}\'\ik,
	K. and Sahoo, R. and Sahu, P. K. and Saini, J. and Sakaguchi, H.
	and Sakai, S. and Sakata, D. and Salgado, C. A. and Salzwedel, J.
	and Sambyal, S. and Samsonov, V. and Sanchez Castro, X. and \ifmmode
	\check{S}\else \v{S}\fi{}\'andor, L. and Sandoval, A. and Sano, S.
	and Sano, M. and Santo, R. and Santoro, R. and Sarkamo, J. and Scapparone,
	E. and Scarlassara, F. and Scharenberg, R. P. and Schiaua, C. and
	Schicker, R. and Schmidt, C. and Schmidt, H. R. and Schreiner, S.
	and Schuchmann, S. and Schukraft, J. and Schutz, Y. and Schwarz,
	K. and Schweda, K. and Scioli, G. and Scomparin, E. and Scott, R.
	and Scott, P. A. and Segato, G. and Selyuzhenkov, I. and Senyukov,
	S. and Seo, J. and Serci, S. and Serradilla, E. and Sevcenco, A.
	and Shabetai, A. and Shabratova, G. and Shahoyan, R. and Sharma,
	N. and Sharma, S. and Rohni, S. and Shigaki, K. and Shimomura, M.
	and Shtejer, K. and Sibiriak, Y. and Siciliano, M. and Sicking, E.
	and Siddhanta, S. and Siemiarczuk, T. and Silvermyr, D. and Silvestre,
	C. and Simatovic, G. and Simonetti, G. and Singaraju, R. and Singh,
	R. and Singha, S. and Singhal, V. and Sinha, T. and Sinha, B. C.
	and Sitar, B. and Sitta, M. and Skaali, T. B. and Skjerdal, K. and
	Smakal, R. and Smirnov, N. and Snellings, R. J. M. and S\o{}gaard,
	C. and Soltz, R. and Son, H. and Song, M. and Song, J. and Soos,
	C. and Soramel, F. and Sputowska, I. and Spyropoulou-Stassinaki,
	M. and Srivastava, B. K. and Stachel, J. and Stan, I. and Stan, I.
	and Stefanek, G. and Steinbeck, T. and Steinpreis, M. and Stenlund,
	E. and Steyn, G. and Stiller, J. H. and Stocco, D. and Stolpovskiy,
	M. and Strabykin, K. and Strmen, P. and Suaide, A. A. P. and Subieta
	V\'asquez, M. A. and Sugitate, T. and Suire, C. and Sukhorukov, M.
	and Sultanov, R. and \ifmmode \check{S}\else \v{S}\fi{}umbera, M.
	and Susa, T. and Szanto de Toledo, A. and Szarka, I. and Szczepankiewicz,
	A. and Szostak, A. and Szymanski, M. and Takahashi, J. and Tapia
	Takaki, J. D. and Tauro, A. and Tejeda Mu\~noz, G. and Telesca, A.
	and Terrevoli, C. and Th\"ader, J. and Thomas, D. and Tieulent, R.
	and Timmins, A. R. and Tlusty, D. and Toia, A. and Torii, H. and
	Toscano, L. and Truesdale, D. and Trzaska, W. H. and Tsuji, T. and
	Tumkin, A. and Turrisi, R. and Tveter, T. S. and Ulery, J. and Ullaland,
	K. and Ulrich, J. and Uras, A. and Urb\'an, J. and Urciuoli, G. M.
	and Usai, G. L. and Vajzer, M. and Vala, M. and Valencia Palomo,
	L. and Vallero, S. and van der Kolk, N. and Vande Vyvre, P. and van
	Leeuwen, M. and Vannucci, L. and Vargas, A. and Varma, R. and Vasileiou,
	M. and Vasiliev, A. and Vechernin, V. and Veldhoen, M. and Venaruzzo,
	M. and Vercellin, E. and Vergara, S. and Vernet, R. and Verweij,
	M. and Vickovic, L. and Viesti, G. and Vikhlyantsev, O. and Vilakazi,
	Z. and Villalobos Baillie, O. and Vinogradov, A. and Vinogradov,
	L. and Vinogradov, Y. and Virgili, T. and Viyogi, Y. P. and Vodopyanov,
	A. and Voloshin, K. and Voloshin, S. and Volpe, G. and von Haller,
	B. and Vranic, D. and \O{}vrebekk, G. and Vrl\'akov\'a, J. and Vulpescu,
	B. and Vyushin, A. and Wagner, V. and Wagner, B. and Wan, R. and
	Wang, M. and Wang, D. and Wang, Y. and Wang, Y. and Watanabe, K.
	and Weber, M. and Wessels, J. P. and Westerhoff, U. and Wiechula,
	J. and Wikne, J. and Wilde, M. and Wilk, G. and Wilk, A. and Williams,
	M. C. S. and Windelband, B. and Xaplanteris Karampatsos, L. and Yaldo,
	C. G. and Yamaguchi, Y. and Yang, H. and Yang, S. and Yasnopolskiy,
	S. and Yi, J. and Yin, Z. and Yoo, I.-K. and Yoon, J. and Yu, W.
	and Yuan, X. and Yushmanov, I. and Zach, C. and Zampolli, C. and
	Zaporozhets, S. and Zarochentsev, A. and Z\'avada, P. and Zaviyalov,
	N. and Zbroszczyk, H. and Zelnicek, P. and Zgura, I. S. and Zhalov,
	M. and Zhang, X. and Zhang, H. and Zhou, F. and Zhou, D. and Zhou,
	Y. and Zhu, J. and Zhu, J. and Zhu, X. and Zichichi, A. and Zimmermann,
	A. and Zinovjev, G. and Zoccarato, Y. and Zynovyev, M. and Zyzak,
	M.},
  title = {{P}roduction of {M}uons from {H}eavy {F}lavor {D}ecays at {F}orward
	{R}apidity in $pp$ and {P}b-{P}b {C}ollisions at $\sqrt{{s}_NN}\mathbf{=}2.76\text{\,}\text{\,}\mathrm{TeV}$},
  journal = {Phys. Rev. Lett.},
  year = {2012},
  volume = {109},
  pages = {112301},
  month = {Sep},
  collaboration = {ALICE Collaboration},
  comment = {PbPb HF},
  doi = {10.1103/PhysRevLett.109.112301},
  file = {:/Users/janrak/papers/LHC/ALICE/PbPb/PhysRevLett.109.112301.pdf:PDF},
  issue = {11},
  numpages = {11},
  publisher = {American Physical Society},
  url = {http://link.aps.org/doi/10.1103/PhysRevLett.109.112301}
}

@ARTICLE{PhysRevLett.109.252301,
  author = {Abelev, B. and Adam, J. and Adamov\'a, D. and Adare, A. M. and Aggarwal,
	M. M. and Aglieri Rinella, G. and Agocs, A. G. and Agostinelli, A.
	and Aguilar Salazar, S. and Ahammed, Z. and Ahmad, N. and Ahmad Masoodi,
	A. and Ahn, S. A. and Ahn, S. U. and Akindinov, A. and Aleksandrov,
	D. and Alessandro, B. and Alfaro Molina, R. and Alici, A. and Alkin,
	A. and Almar\'az Avi\~na, E. and Alme, J. and Alt, T. and Altini,
	V. and Altinpinar, S. and Altsybeev, I. and Andrei, C. and Andronic,
	A. and Anguelov, V. and Anielski, J. and Anson, C. and Anti\ifmmode
	\check{c}\else \v{c}\fi{}i\ifmmode \acute{c}\else \'{c}\fi{}, T.
	and Antinori, F. and Antonioli, P. and Aphecetche, L. and Appelsh\"auser,
	H. and Arbor, N. and Arcelli, S. and Arend, A. and Armesto, N. and
	Arnaldi, R. and Aronsson, T. and Arsene, I. C. and Arslandok, M.
	and Asryan, A. and Augustinus, A. and Averbeck, R. and Awes, T. C.
	and \"Ayst\"o, J. and Azmi, M. D. and Bach, M. and Badal\`a, A. and
	Baek, Y. W. and Bailhache, R. and Bala, R. and Baldini Ferroli, R.
	and Baldisseri, A. and Baldit, A. and Baltasar Dos Santos Pedrosa,
	F. and B\'an, J. and Baral, R. C. and Barbera, R. and Barile, F.
	and Barnaf\"oldi, G. G. and Barnby, L. S. and Barret, V. and Bartke,
	J. and Basile, M. and Bastid, N. and Basu, S. and Bathen, B. and
	Batigne, G. and Batyunya, B. and Baumann, C. and Bearden, I. G. and
	Beck, H. and Behera, N. K. and Belikov, I. and Bellini, F. and Bellwied,
	R. and Belmont-Moreno, E. and Bencedi, G. and Beole, S. and Berceanu,
	I. and Bercuci, A. and Berdnikov, Y. and Berenyi, D. and Bergognon,
	A. A. E. and Berzano, D. and Betev, L. and Bhasin, A. and Bhati,
	A. K. and Bhom, J. and Bianchi, L. and Bianchi, N. and Bianchin,
	C. and Biel\ifmmode \check{c}\else \v{c}\fi{}\'\ik, J. and Biel\ifmmode
	\check{c}\else \v{c}\fi{}\'\ikov\'a, J. and Bilandzic, A. and Bjelogrlic,
	S. and Blanco, F. and Blanco, F. and Blau, D. and Blume, C. and Boccioli,
	M. and Bock, N. and B\"ottger, S. and Bogdanov, A. and B\o{}ggild,
	H. and Bogolyubsky, M. and Boldizs\'ar, L. and Bombara, M. and Book,
	J. and Borel, H. and Borissov, A. and Bose, S. and Boss\'u, F. and
	Botje, M. and Botta, E. and Boyer, B. and Braidot, E. and Braun-Munzinger,
	P. and Bregant, M. and Breitner, T. and Browning, T. A. and Broz,
	M. and Brun, R. and Bruna, E. and Bruno, G. E. and Budnikov, D. and
	Buesching, H. and Bufalino, S. and Busch, O. and Buthelezi, Z. and
	Caballero Orduna, D. and Caffarri, D. and Cai, X. and Caines, H.
	and Calvo Villar, E. and Camerini, P. and Canoa Roman, V. and Cara
	Romeo, G. and Carena, F. and Carena, W. and Carlin Filho, N. and
	Carminati, F. and Casanova D\'\iaz, A. and Castillo Castellanos,
	J. and Castillo Hernandez, J. F. and Casula, E. A. R. and Catanescu,
	V. and Cavicchioli, C. and Ceballos Sanchez, C. and Cepila, J. and
	Cerello, P. and Chang, B. and Chapeland, S. and Charvet, J. L. and
	Chattopadhyay, S. and Chattopadhyay, S. and Chawla, I. and Cherney,
	M. and Cheshkov, C. and Cheynis, B. and Chibante Barroso, V. and
	Chinellato, D. D. and Chochula, P. and Chojnacki, M. and Choudhury,
	S. and Christakoglou, P. and Christensen, C. H. and Christiansen,
	P. and Chujo, T. and Chung, S. U. and Cicalo, C. and Cifarelli, L.
	and Cindolo, F. and Cleymans, J. and Coccetti, F. and Colamaria,
	F. and Colella, D. and Conesa Balbastre, G. and Conesa del Valle,
	Z. and Constantin, P. and Contin, G. and Contreras, J. G. and Cormier,
	T. M. and Corrales Morales, Y. and Cortese, P. and Cort\'es Maldonado,
	I. and Cosentino, M. R. and Costa, F. and Cotallo, M. E. and Crescio,
	E. and Crochet, P. and Cruz Alaniz, E. and Cuautle, E. and Cunqueiro,
	L. and Dainese, A. and Dalsgaard, H. H. and Danu, A. and Das, I.
	and Das, D. and Das, K. and Dash, S. and Dash, A. and De, S. and
	de Barros, G. O. V. and De Caro, A. and de Cataldo, G. and de Cuveland,
	J. and De Falco, A. and De Gruttola, D. and Delagrange, H. and Deloff,
	A. and Demanov, V. and De Marco, N. and D\'enes, E. and De Pasquale,
	S. and Deppman, A. and Erasmo, G. D. and de Rooij, R. and Diaz Corchero,
	M. A. and Di Bari, D. and Dietel, T. and Di Giglio, C. and Di Liberto,
	S. and Di Mauro, A. and Di Nezza, P. and Divi\`a, R. and Djuvsland,
	\O{}. and Dobrin, A. and Dobrowolski, T. and Dom\'\inguez, I. and
	D\"onigus, B. and Dordic, O. and Driga, O. and Dubey, A. K. and Dubla,
	A. and Ducroux, L. and Dupieux, P. and Dutta Majumdar, A. K. and
	Dutta Majumdar, M. R. and Elia, D. and Emschermann, D. and Engel,
	H. and Erazmus, B. and Erdal, H. A. and Espagnon, B. and Estienne,
	M. and Esumi, S. and Evans, D. and Eyyubova, G. and Fabris, D. and
	Faivre, J. and Falchieri, D. and Fantoni, A. and Fasel, M. and Fearick,
	R. and Fedunov, A. and Fehlker, D. and Feldkamp, L. and Felea, D.
	and Fenton-Olsen, B. and Feofilov, G. and Fern\'andez T\'ellez, A.
	and Ferretti, A. and Ferretti, R. and Festanti, A. and Figiel, J.
	and Figueredo, M. A. S. and Filchagin, S. and Finogeev, D. and Fionda,
	F. M. and Fiore, E. M. and Floris, M. and Foertsch, S. and Foka,
	P. and Fokin, S. and Fragiacomo, E. and Francescon, A. and Frankenfeld,
	U. and Fuchs, U. and Furget, C. and Fusco Girard, M. and Gaardh\o{}je,
	J. J. and Gagliardi, M. and Gago, A. and Gallio, M. and Gangadharan,
	D. R. and Ganoti, P. and Garabatos, C. and Garcia-Solis, E. and Garishvili,
	I. and Gerhard, J. and Germain, M. and Geuna, C. and Gheata, M. and
	Gheata, A. and Ghidini, B. and Ghosh, P. and Gianotti, P. and Girard,
	M. R. and Giubellino, P. and Gladysz-Dziadus, E. and Gl\"assel, P.
	and Gomez, R. and Ferreiro, E. G. and Gonz\'alez-Trueba, L. H. and
	Gonz\'alez-Zamora, P. and Gorbunov, S. and Goswami, A. and Gotovac,
	S. and Grabski, V. and Graczykowski, L. K. and Grajcarek, R. and
	Grelli, A. and Grigoras, C. and Grigoras, A. and Grigoriev, V. and
	Grigoryan, S. and Grigoryan, A. and Grinyov, B. and Grion, N. and
	Gros, P. and Grosse-Oetringhaus, J. F. and Grossiord, J.-Y. and Grosso,
	R. and Guber, F. and Guernane, R. and Guerra Gutierrez, C. and Guerzoni,
	B. and Guilbaud, M. and Gulbrandsen, K. and Gunji, T. and Gupta,
	R. and Gupta, A. and Gutbrod, H. and Haaland, \O{}. and Hadjidakis,
	C. and Haiduc, M. and Hamagaki, H. and Hamar, G. and Han, B. H. and
	Hanratty, L. D. and Hansen, A. and Harmanov\'a-T\'othov\'a, Z. and
	Harris, J. W. and Hartig, M. and Hasegan, D. and Hatzifotiadou, D.
	and Hayrapetyan, A. and Heckel, S. T. and Heide, M. and Helstrup,
	H. and Herghelegiu, A. and Herrera Corral, G. and Herrmann, N. and
	Hess, B. A. and Hetland, K. F. and Hicks, B. and Hille, P. T. and
	Hippolyte, B. and Horaguchi, T. and Hori, Y. and Hristov, P. and
	H\ifmmode \check{r}\else \v{r}\fi{}ivn\'a\ifmmode \check{c}\else
	\v{c}\fi{}ov\'a, I. and Huang, M. and Humanic, T. J. and Hwang, D.
	S. and Ichou, R. and Ilkaev, R. and Ilkiv, I. and Inaba, M. and Incani,
	E. and Innocenti, G. M. and Innocenti, P. G. and Ippolitov, M. and
	Irfan, M. and Ivan, C. and Ivanov, M. and Ivanov, A. and Ivanov,
	V. and Ivanytskyi, O. and Jacobs, P. M. and Jang, H. J. and Janik,
	R. and Janik, M. A. and Jayarathna, P. H. S. Y. and Jena, S. and
	Jha, D. M. and Jimenez Bustamante, R. T. and Jirden, L. and Jones,
	P. G. and Jung, H. and Jusko, A. and Kaidalov, A. B. and Kakoyan,
	V. and Kalcher, S. and Kali\ifmmode \check{n}\else \v{n}\fi{}\'ak,
	P. and Kalliokoski, T. and Kalweit, A. and Kang, J. H. and Kaplin,
	V. and Karasu Uysal, A. and Karavichev, O. and Karavicheva, T. and
	Karpechev, E. and Kazantsev, A. and Kebschull, U. and Keidel, R.
	and Khan, P. and Khan, M. M. and Khan, S. A. and Khanzadeev, A. and
	Kharlov, Y. and Kileng, B. and Kim, M. and Kim, D. J. and Kim, D.
	W. and Kim, J. H. and Kim, J. S. and Kim, T. and Kim, M. and Kim,
	S. H. and Kim, S. and Kim, B. and Kirsch, S. and Kisel, I. and Kiselev,
	S. and Kisiel, A. and Klay, J. L. and Klein, J. and Klein-B\"osing,
	C. and Kliemant, M. and Kluge, A. and Knichel, M. L. and Knospe,
	A. G. and Koch, K. and K\"ohler, M. K. and Kollegger, T. and Kolojvari,
	A. and Kondratiev, V. and Kondratyeva, N. and Konevskikh, A. and
	Korneev, A. and Kour, R. and Kowalski, M. and Kox, S. and Koyithatta
	Meethaleveedu, G. and Kral, J. and Kr\'alik, I. and Kramer, F. and
	Kraus, I. and Krawutschke, T. and Krelina, M. and Kretz, M. and Krivda,
	M. and Krizek, F. and Krus, M. and Kryshen, E. and Krzewicki, M.
	and Kucheriaev, Y. and Kugathasan, T. and Kuhn, C. and Kuijer, P.
	G. and Kulakov, I. and Kumar, J. and Kurashvili, P. and Kurepin,
	A. B. and Kurepin, A. and Kuryakin, A. and Kushpil, S. and Kushpil,
	V. and Kvaerno, H. and Kweon, M. J. and Kwon, Y. and Ladr\'on de
	Guevara, P. and Lakomov, I. and Langoy, R. and La Pointe, S. L. and
	Lara, C. and Lardeux, A. and La Rocca, P. and Lazzeroni, C. and Lea,
	R. and Le Bornec, Y. and Lechman, M. and Lee, K. S. and Lee, G. R.
	and Lee, S. C. and Lef\`evre, F. and Lehnert, J. and Leistam, L.
	and Lenhardt, M. and Lenti, V. and Le\'on, H. and Leoncino, M. and
	Le\'on Monz\'on, I. and Le\'on Vargas, H. and L\'evai, P. and Lien,
	J. and Lietava, R. and Lindal, S. and Lindenstruth, V. and Lippmann,
	C. and Lisa, M. A. and Liu, L. and Loggins, V. R. and Loginov, V.
	and Lohn, S. and Lohner, D. and Loizides, C. and Loo, K. K. and Lopez,
	X. and L\'opez Torres, E. and L\o{}vh\o{}iden, G. and Lu, X.-G. and
	Luettig, P. and Lunardon, M. and Luo, J. and Luparello, G. and Luquin,
	L. and Luzzi, C. and Ma, K. and Ma, R. and Madagodahettige-Don, D.
	M. and Maevskaya, A. and Mager, M. and Mahapatra, D. P. and Maire,
	A. and Malaev, M. and Maldonado Cervantes, I. and Malinina, L. and
	Mal'Kevich, D. and Malzacher, P. and Mamonov, A. and Manceau, L.
	and Mangotra, L. and Manko, V. and Manso, F. and Manzari, V. and
	Mao, Y. and Marchisone, M. and Mare\ifmmode \check{s}\else \v{s}\fi{},
	J. and Margagliotti, G. V. and Margotti, A. and Mar\'\in, A. and
	Marin Tobon, C. A. and Markert, C. and Martashvili, I. and Martinengo,
	P. and Mart\'\inez, M. I. and Mart\'\inez Davalos, A. and Mart\'\inez
	Garc\'\ia, G. and Martynov, Y. and Mas, A. and Masciocchi, S. and
	Masera, M. and Masoni, A. and Massacrier, L. and Mastroserio, A.
	and Matthews, Z. L. and Matyja, A. and Mayer, C. and Mazer, J. and
	Mazzoni, M. A. and Meddi, F. and Menchaca-Rocha, A. and Mercado P\'erez,
	J. and Meres, M. and Miake, Y. and Milano, L. and Milosevic, J. and
	Mischke, A. and Mishra, A. N. and Mi\ifmmode \acute{s}\else \'{s}\fi{}kowiec,
	D. and Mitu, C. and Mlynarz, J. and Mohanty, B. and Molnar, L. and
	Monta\~no Zetina, L. and Monteno, M. and Montes, E. and Moon, T.
	and Morando, M. and Moreira De Godoy, D. A. and Moretto, S. and Morsch,
	A. and Muccifora, V. and Mudnic, E. and Muhuri, S. and Mukherjee,
	M. and M\"uller, H. and Munhoz, M. G. and Musa, L. and Musso, A.
	and Nandi, B. K. and Nania, R. and Nappi, E. and Nattrass, C. and
	Naumov, N. P. and Navin, S. and Nayak, T. K. and Nazarenko, S. and
	Nazarov, G. and Nedosekin, A. and Nicassio, M. and Niculescu, M.
	and Nielsen, B. S. and Niida, T. and Nikolaev, S. and Nikolic, V.
	and Nikulin, S. and Nikulin, V. and Nilsen, B. S. and Nilsson, M.
	S. and Noferini, F. and Nomokonov, P. and Nooren, G. and Novitzky,
	N. and Nyanin, A. and Nyatha, A. and Nygaard, C. and Nystrand, J.
	and Ochirov, A. and Oeschler, H. and Oh, S. and Oh, S. K. and Oleniacz,
	J. and Oppedisano, C. and Ortiz Velasquez, A. and Ortona, G. and
	Oskarsson, A. and Ostrowski, P. and Otwinowski, J. and Oyama, K.
	and Ozawa, K. and Pachmayer, Y. and Pachr, M. and Padilla, F. and
	Pagano, P. and Pai\ifmmode \acute{c}\else \'{c}\fi{}, G. and Painke,
	F. and Pajares, C. and Pal, S. K. and Palaha, A. and Palmeri, A.
	and Papikyan, V. and Pappalardo, G. S. and Park, W. J. and Passfeld,
	A. and Pastir\ifmmode \check{c}\else \v{c}\fi{}\'ak, B. and Patalakha,
	D. I. and Paticchio, V. and Pavlinov, A. and Pawlak, T. and Peitzmann,
	T. and Pereira Da Costa, H. and Pereira De Oliveira Filho, E. and
	Peresunko, D. and P\'erez Lara, C. E. and Perez Lezama, E. and Perini,
	D. and Perrino, D. and Peryt, W. and Pesci, A. and Peskov, V. and
	Pestov, Y. and Petr\'a\ifmmode \check{c}\else \v{c}\fi{}ek, V. and
	Petran, M. and Petris, M. and Petrov, P. and Petrovici, M. and Petta,
	C. and Piano, S. and Piccotti, A. and Pikna, M. and Pillot, P. and
	Pinazza, O. and Pinsky, L. and Pitz, N. and Piyarathna, D. B. and
	Planinic, M. and P\l{}osko\ifmmode \acute{n}\else \'{n}\fi{}, M.
	and Pluta, J. and Pocheptsov, T. and Pochybova, S. and Podesta-Lerma,
	P. L. M. and Poghosyan, M. G. and Pol\'ak, K. and Polichtchouk, B.
	and Pop, A. and Porteboeuf-Houssais, S. and Posp\'\i\ifmmode \check{s}\else
	\v{s}\fi{}il, V. and Potukuchi, B. and Prasad, S. K. and Preghenella,
	R. and Prino, F. and Pruneau, C. A. and Pshenichnov, I. and Puchagin,
	S. and Puddu, G. and Pulvirenti, A. and Punin, V. and Puti\ifmmode
	\check{s}\else \v{s}\fi{}, M. and Putschke, J. and Quercigh, E. and
	Qvigstad, H. and Rachevski, A. and Rademakers, A. and R\"aih\"a,
	T. S. and Rak, J. and Rakotozafindrabe, A. and Ramello, L. and Ram\'\irez
	Reyes, A. and Raniwala, S. and Raniwala, R. and R\"as\"anen, S. S.
	and Rascanu, B. T. and Rathee, D. and Read, K. F. and Real, J. S.
	and Redlich, K. and Reichelt, P. and Reicher, M. and Renfordt, R.
	and Reolon, A. R. and Reshetin, A. and Rettig, F. and Revol, J.-P.
	and Reygers, K. and Riccati, L. and Ricci, R. A. and Richert, T.
	and Richter, M. and Riedler, P. and Riegler, W. and Riggi, F. and
	Rodrigues Fernandes Rabacal, B. and Rodr\'\iguez Cahuantzi, M. and
	Rodriguez Manso, A. and R\o{}ed, K. and Rohr, D. and R\"ohrich, D.
	and Romita, R. and Ronchetti, F. and Rosnet, P. and Rossegger, S.
	and Rossi, A. and Roy, P. and Roy, C. and Rubio Montero, A. J. and
	Rui, R. and Russo, R. and Ryabinkin, E. and Rybicki, A. and Sadovsky,
	S. and \ifmmode \check{S}\else \v{S}\fi{}afa\ifmmode \check{r}\else
	\v{r}\fi{}\'\ik, K. and Sahoo, R. and Sahu, P. K. and Saini, J. and
	Sakaguchi, H. and Sakai, S. and Sakata, D. and Salgado, C. A. and
	Salzwedel, J. and Sambyal, S. and Samsonov, V. and Sanchez Castro,
	X. and \ifmmode \check{S}\else \v{S}\fi{}\'andor, L. and Sandoval,
	A. and Sano, M. and Sano, S. and Santo, R. and Santoro, R. and Sarkamo,
	J. and Scapparone, E. and Scarlassara, F. and Scharenberg, R. P.
	and Schiaua, C. and Schicker, R. and Schmidt, H. R. and Schmidt,
	C. and Schreiner, S. and Schuchmann, S. and Schukraft, J. and Schutz,
	Y. and Schwarz, K. and Schweda, K. and Scioli, G. and Scomparin,
	E. and Scott, P. A. and Scott, R. and Segato, G. and Selyuzhenkov,
	I. and Senyukov, S. and Seo, J. and Serci, S. and Serradilla, E.
	and Sevcenco, A. and Shabetai, A. and Shabratova, G. and Shahoyan,
	R. and Sharma, N. and Sharma, S. and Rohni, S. and Shigaki, K. and
	Shimomura, M. and Shtejer, K. and Sibiriak, Y. and Siciliano, M.
	and Sicking, E. and Siddhanta, S. and Siemiarczuk, T. and Silvermyr,
	D. and Silvestre, C. and Simatovic, G. and Simonetti, G. and Singaraju,
	R. and Singh, R. and Singha, S. and Singhal, V. and Sinha, T. and
	Sinha, B. C. and Sitar, B. and Sitta, M. and Skaali, T. B. and Skjerdal,
	K. and Smakal, R. and Smirnov, N. and Snellings, R. J. M. and S\o{}gaard,
	C. and Soltz, R. and Son, H. and Song, J. and Song, M. and Soos,
	C. and Soramel, F. and Sputowska, I. and Spyropoulou-Stassinaki,
	M. and Srivastava, B. K. and Stachel, J. and Stan, I. and Stan, I.
	and Stefanek, G. and Steinpreis, M. and Stenlund, E. and Steyn, G.
	and Stiller, J. H. and Stocco, D. and Stolpovskiy, M. and Strabykin,
	K. and Strmen, P. and Suaide, A. A. P. and Subieta V\'asquez, M.
	A. and Sugitate, T. and Suire, C. and Sukhorukov, M. and Sultanov,
	R. and \ifmmode \check{S}\else \v{S}\fi{}umbera, M. and Susa, T.
	and Symons, T. J. M. and Szanto de Toledo, A. and Szarka, I. and
	Szczepankiewicz, A. and Szostak, A. and Szyma\ifmmode \acute{n}\else
	\'{n}\fi{}ski, M. and Takahashi, J. and Tapia Takaki, J. D. and Tauro,
	A. and Tejeda Mu\~noz, G. and Telesca, A. and Terrevoli, C. and Th\"ader,
	J. and Thomas, D. and Tieulent, R. and Timmins, A. R. and Tlusty,
	D. and Toia, A. and Torii, H. and Toscano, L. and Trubnikov, V. and
	Truesdale, D. and Trzaska, W. H. and Tsuji, T. and Tumkin, A. and
	Turrisi, R. and Tveter, T. S. and Ulery, J. and Ullaland, K. and
	Ulrich, J. and Uras, A. and Urb\'an, J. and Urciuoli, G. M. and Usai,
	G. L. and Vajzer, M. and Vala, M. and Valencia Palomo, L. and Vallero,
	S. and Vande Vyvre, P. and van Leeuwen, M. and Vannucci, L. and Vargas,
	A. and Varma, R. and Vasileiou, M. and Vasiliev, A. and Vechernin,
	V. and Veldhoen, M. and Venaruzzo, M. and Vercellin, E. and Vergara,
	S. and Vernet, R. and Verweij, M. and Vickovic, L. and Viesti, G.
	and Vikhlyantsev, O. and Vilakazi, Z. and Villalobos Baillie, O.
	and Vinogradov, Y. and Vinogradov, A. and Vinogradov, L. and Virgili,
	T. and Viyogi, Y. P. and Vodopyanov, A. and Voloshin, S. and Voloshin,
	K. and Volpe, G. and von Haller, B. and Vranic, D. and \O{}vrebekk,
	G. and Vrl\'akov\'a, J. and Vulpescu, B. and Vyushin, A. and Wagner,
	V. and Wagner, B. and Wan, R. and Wang, Y. and Wang, M. and Wang,
	D. and Wang, Y. and Watanabe, K. and Weber, M. and Wessels, J. P.
	and Westerhoff, U. and Wiechula, J. and Wikne, J. and Wilde, M. and
	Wilk, A. and Wilk, G. and Williams, M. C. S. and Windelband, B. and
	Xaplanteris Karampatsos, L. and Yaldo, C. G. and Yamaguchi, Y. and
	Yang, S. and Yang, H. and Yasnopolskiy, S. and Yi, J. and Yin, Z.
	and Yoo, I.-K. and Yoon, J. and Yu, W. and Yuan, X. and Yushmanov,
	I. and Zaccolo, V. and Zach, C. and Zampolli, C. and Zaporozhets,
	S. and Zarochentsev, A. and Z\'avada, P. and Zaviyalov, N. and Zbroszczyk,
	H. and Zelnicek, P. and Zgura, I. S. and Zhalov, M. and Zhang, H.
	and Zhang, X. and Zhou, D. and Zhou, Y. and Zhou, F. and Zhu, J.
	and Zhu, X. and Zhu, J. and Zichichi, A. and Zimmermann, A. and Zinovjev,
	G. and Zoccarato, Y. and Zynovyev, M. and Zyzak, M.},
  title = {{P}ion, {K}aon, and {P}roton {P}roduction in {C}entral {P}b-{P}b
	{C}ollisions at $\sqrt{{s}_{\mathrmNN}}\mathbf{=}2.76\text{\,}\text{\,}\mathrm{TeV}$},
  journal = {Phys. Rev. Lett.},
  year = {2012},
  volume = {109},
  pages = {252301},
  month = {Dec},
  collaboration = {ALICE Collaboration},
  comment = {PID paper},
  doi = {10.1103/PhysRevLett.109.252301},
  file = {:/Users/janrak/papers/LHC/ALICE/PbPb/PhysRevLett.109.252301.pdf:PDF},
  issue = {25},
  numpages = {11},
  publisher = {American Physical Society},
  url = {http://link.aps.org/doi/10.1103/PhysRevLett.109.252301}
}

@ARTICLE{PhysRevLett.109.252302,
  author = {Abelev, B. and Adam, J. and Adamov\'a, D. and Adare, A. M. and Aggarwal,
	M. M. and Aglieri Rinella, G. and Agocs, A. G. and Agostinelli, A.
	and Aguilar Salazar, S. and Ahammed, Z. and Ahmad Masoodi, A. and
	Ahmad, N. and Ahn, S. U. and Akindinov, A. and Aleksandrov, D. and
	Alessandro, B. and Alfaro Molina, R. and Alici, A. and Alkin, A.
	and Almar\'az Avi\~na, E. and Alme, J. and Alt, T. and Altini, V.
	and Altinpinar, S. and Altsybeev, I. and Andrei, C. and Andronic,
	A. and Anguelov, V. and Anielski, J. and Anti\ifmmode \check{c}\else
	\v{c}\fi{}i\ifmmode \acute{c}\else \'{c}\fi{}, T. and Antinori, F.
	and Antonioli, P. and Aphecetche, L. and Appelsh\"auser, H. and Arbor,
	N. and Arcelli, S. and Arend, A. and Armesto, N. and Arnaldi, R.
	and Aronsson, T. and Arsene, I. C. and Arslandok, M. and Augustinus,
	A. and Averbeck, R. and Awes, T. C. and \"Ayst\"o, J. and Azmi, M.
	D. and Bach, M. and Badal\`a, A. and Baek, Y. W. and Bailhache, R.
	and Bala, R. and Baldini Ferroli, R. and Baldisseri, A. and Baldit,
	A. and Baltasar Dos Santos Pedrosa, F. and B\'an, J. and Baral, R.
	C. and Barbera, R. and Barile, F. and Barnaf\"oldi, G. G. and Barnby,
	L. S. and Barret, V. and Bartke, J. and Basile, M. and Bastid, N.
	and Basu, S. and Bathen, B. and Batigne, G. and Batyunya, B. and
	Baumann, C. and Bearden, I. G. and Beck, H. and Belikov, I. and Bellini,
	F. and Bellwied, R. and Belmont-Moreno, E. and Bencedi, G. and Beole,
	S. and Berceanu, I. and Bercuci, A. and Berdnikov, Y. and Berenyi,
	D. and Berzano, D. and Betev, L. and Bhasin, A. and Bhati, A. K.
	and Bhom, J. and Bianchi, L. and Bianchi, N. and Bianchin, C. and
	Biel\ifmmode \check{c}\else \v{c}\fi{}\'\ik, J. and Biel\ifmmode
	\check{c}\else \v{c}\fi{}\'\ikov\'a, J. and Bilandzic, A. and Bjelogrlic,
	S. and Blanco, F. and Blanco, F. and Blau, D. and Blume, C. and Bock,
	N. and Bogdanov, A. and B\o{}ggild, H. and Bogolyubsky, M. and Boldizs\'ar,
	L. and Bombara, M. and Book, J. and Borel, H. and Borissov, A. and
	Bose, S. and Boss\'u, F. and Botje, M. and B\"ottger, S. and Boyer,
	B. and Braidot, E. and Braun-Munzinger, P. and Bregant, M. and Breitner,
	T. and Browning, T. A. and Broz, M. and Brun, R. and Bruna, E. and
	Bruno, G. E. and Budnikov, D. and Buesching, H. and Bufalino, S.
	and Bugaiev, K. and Busch, O. and Buthelezi, Z. and Caballero Orduna,
	D. and Caffarri, D. and Cai, X. and Caines, H. and Calvo Villar,
	E. and Camerini, P. and Canoa Roman, V. and Cara Romeo, G. and Carena,
	F. and Carena, W. and Carminati, F. and Casanova D\'\iaz, A. and
	Castillo Castellanos, J. and Casula, E. A. R. and Catanescu, V. and
	Cavicchioli, C. and Ceballos Sanchez, C. and Cepila, J. and Cerello,
	P. and Chang, B. and Chapeland, S. and Charvet, J. L. and Chattopadhyay,
	S. and Chattopadhyay, S. and Chawla, I. and Cherney, M. and Cheshkov,
	C. and Cheynis, B. and Chiavassa, E. and Chibante Barroso, V. and
	Chinellato, D. D. and Chochula, P. and Chojnacki, M. and Choudhury,
	S. and Christakoglou, P. and Christensen, C. H. and Christiansen,
	P. and Chujo, T. and Chung, S. U. and Cicalo, C. and Cifarelli, L.
	and Cindolo, F. and Cleymans, J. and Coccetti, F. and Colamaria,
	F. and Colella, D. and Conesa Balbastre, G. and Conesa del Valle,
	Z. and Constantin, P. and Contin, G. and Contreras, J. G. and Cormier,
	T. M. and Corrales Morales, Y. and Cort\'es Maldonado, I. and Cortese,
	P. and Cosentino, M. R. and Costa, F. and Cotallo, M. E. and Crochet,
	P. and Cruz Alaniz, E. and Cuautle, E. and Cunqueiro, L. and Erasmo,
	G. D. and Dainese, A. and Dalsgaard, H. H. and Danu, A. and Das,
	D. and Das, I. and Das, K. and Dash, A. and Dash, S. and De, S. and
	de Barros, G. O. V. and De Caro, A. and de Cataldo, G. and de Cuveland,
	J. and De Falco, A. and De Gruttola, D. and De Marco, N. and De Pasquale,
	S. and de Rooij, R. and Del Castillo Sanchez, E. and Delagrange,
	H. and Deloff, A. and Demanov, V. and D\'enes, E. and Deppman, A.
	and Di Bari, D. and Di Giglio, C. and Di Liberto, S. and Di Mauro,
	A. and Di Nezza, P. and Diaz Corchero, M. A. and Dietel, T. and Divi\`a,
	R. and Djuvsland, \O{}. and Dobrin, A. and Dobrowolski, T. and Dom\'\inguez,
	I. and D\"onigus, B. and Dordic, O. and Driga, O. and Dubey, A. K.
	and Ducroux, L. and Dupieux, P. and Dutta Majumdar, A. K. and Dutta
	Majumdar, M. R. and Elia, D. and Emschermann, D. and Engel, H. and
	Erdal, H. A. and Espagnon, B. and Estienne, M. and Esumi, S. and
	Evans, D. and Eyyubova, G. and Fabris, D. and Faivre, J. and Falchieri,
	D. and Fantoni, A. and Fasel, M. and Fearick, R. and Fedunov, A.
	and Fehlker, D. and Feldkamp, L. and Felea, D. and Fenton-Olsen,
	B. and Feofilov, G. and Fern\'andez T\'ellez, A. and Ferretti, A.
	and Ferretti, R. and Figiel, J. and Figueredo, M. A. S. and Filchagin,
	S. and Finogeev, D. and Fionda, F. M. and Fiore, E. M. and Floris,
	M. and Foertsch, S. and Foka, P. and Fokin, S. and Fragiacomo, E.
	and Fragkiadakis, M. and Frankenfeld, U. and Fuchs, U. and Furget,
	C. and Fusco Girard, M. and Gaardh\o{}je, J. J. and Gagliardi, M.
	and Gago, A. and Gallio, M. and Gangadharan, D. R. and Ganoti, P.
	and Garabatos, C. and Garcia-Solis, E. and Garishvili, I. and Gerhard,
	J. and Germain, M. and Geuna, C. and Gheata, A. and Gheata, M. and
	Ghidini, B. and Ghosh, P. and Gianotti, P. and Girard, M. R. and
	Giubellino, P. and Gladysz-Dziadus, E. and Gl\"assel, P. and Gomez,
	R. and Ferreiro, E. G. and Gonz\'alez-Trueba, L. H. and Gonz\'alez-Zamora,
	P. and Gorbunov, S. and Goswami, A. and Gotovac, S. and Grabski,
	V. and Graczykowski, L. K. and Grajcarek, R. and Grelli, A. and Grigoras,
	A. and Grigoras, C. and Grigoriev, V. and Grigoryan, A. and Grigoryan,
	S. and Grinyov, B. and Grion, N. and Grosse-Oetringhaus, J. F. and
	Grossiord, J.-Y. and Grosso, R. and Guber, F. and Guernane, R. and
	Guerra Gutierrez, C. and Guerzoni, B. and Guilbaud, M. and Gulbrandsen,
	K. and Gunji, T. and Gupta, A. and Gupta, R. and Gutbrod, H. and
	Haaland, \O{}. and Hadjidakis, C. and Haiduc, M. and Hamagaki, H.
	and Hamar, G. and Hanratty, L. D. and Hansen, A. and Harmanova, Z.
	and Harris, J. W. and Hartig, M. and Hasegan, D. and Hatzifotiadou,
	D. and Hayrapetyan, A. and Heckel, S. T. and Heide, M. and Helstrup,
	H. and Herghelegiu, A. and Herrera Corral, G. and Herrmann, N. and
	Hess, B. A. and Hetland, K. F. and Hicks, B. and Hille, P. T. and
	Hippolyte, B. and Horaguchi, T. and Hori, Y. and Hristov, P. and
	H\ifmmode \check{r}\else \v{r}\fi{}ivn\'a\ifmmode \check{c}\else
	\v{c}\fi{}ov\'a, I. and Huang, M. and Humanic, T. J. and Hwang, D.
	S. and Ichou, R. and Ilkaev, R. and Ilkiv, I. and Inaba, M. and Incani,
	E. and Innocenti, G. M. and Ippolitov, M. and Irfan, M. and Ivan,
	C. and Ivanov, A. and Ivanov, M. and Ivanov, V. and Ivanytskyi, O.
	and Jacho\l{}kowski, A. and Jacobs, P. M. and Jancurov\'a, L. and
	Jang, H. J. and Jangal, S. and Janik, M. A. and Janik, R. and Jayarathna,
	P. H. S. Y. and Jena, S. and Jha, D. M. and Jimenez Bustamante, R.
	T. and Jirden, L. and Jones, P. G. and Jung, H. and Jusko, A. and
	Kakoyan, V. and Kalcher, S. and Kali\ifmmode \check{n}\else \v{n}\fi{}\'ak,
	P. and Kalisky, M. and Kalliokoski, T. and Kalweit, A. and Kanaki,
	K. and Kang, J. H. and Kaplin, V. and Karasu Uysal, A. and Karavichev,
	O. and Karavicheva, T. and Karpechev, E. and Kazantsev, A. and Kebschull,
	U. and Keidel, R. and Khan, M. M. and Khan, S. A. and Khanzadeev,
	A. and Kharlov, Y. and Kileng, B. and Kim, B. and Kim, D. J. and
	Kim, D. W. and Kim, J. H. and Kim, J. S. and Kim, M. and Kim, S.
	and Kim, S. H. and Kim, T. and Kirsch, S. and Kisel, I. and Kiselev,
	S. and Kisiel, A. and Klay, J. L. and Klein, J. and Klein-B\"osing,
	C. and Kliemant, M. and Kluge, A. and Knichel, M. L. and Knospe,
	A. G. and Koch, K. and K\"ohler, M. K. and Kolojvari, A. and Kondratiev,
	V. and Kondratyeva, N. and Konevskikh, A. and Korneev, A. and Kour,
	R. and Kowalski, M. and Kox, S. and Koyithatta Meethaleveedu, G.
	and Kral, J. and Kr\'alik, I. and Kramer, F. and Kraus, I. and Krawutschke,
	T. and Krelina, M. and Kretz, M. and Krivda, M. and Krizek, F. and
	Krus, M. and Kryshen, E. and Krzewicki, M. and Kucheriaev, Y. and
	Kuhn, C. and Kuijer, P. G. and Kurashvili, P. and Kurepin, A. and
	Kurepin, A. B. and Kuryakin, A. and Kushpil, S. and Kushpil, V. and
	Kweon, M. J. and Kwon, Y. and La Pointe, S. L. and La Rocca, P. and
	Ladr\'on de Guevara, P. and Lakomov, I. and Langoy, R. and Lara,
	C. and Lardeux, A. and Lazzeroni, C. and Le Bornec, Y. and Lea, R.
	and Lechman, M. and Lee, K. S. and Lee, S. C. and Lef\`evre, F. and
	Lehnert, J. and Leistam, L. and Lemmon, R. C. and Lenhardt, M. and
	Lenti, V. and Le\'on Monz\'on, I. and Le\'on Vargas, H. and Leoncino,
	M. and L\'evai, P. and Lien, J. and Lietava, R. and Lindal, S. and
	Lindenstruth, V. and Lippmann, C. and Lisa, M. A. and Liu, L. and
	Loenne, P. I. and Loggins, V. R. and Loginov, V. and Lohn, S. and
	Lohner, D. and Loizides, C. and Loo, K. K. and Lopez, X. and L\'opez
	Torres, E. and L\o{}vh\o{}iden, G. and Lu, X.-G. and Luettig, P.
	and Lunardon, M. and Luo, J. and Luparello, G. and Luquin, L. and
	Luzzi, C. and Ma, R. and Maevskaya, A. and Mager, M. and Mahapatra,
	D. P. and Maire, A. and Mal'Kevich, D. and Malaev, M. and Maldonado
	Cervantes, I. and Malinina, L. and Malzacher, P. and Mamonov, A.
	and Manceau, L. and Manko, V. and Manso, F. and Manzari, V. and Mao,
	Y. and Marchisone, M. and Mare\ifmmode \check{s}\else \v{s}\fi{},
	J. and Margagliotti, G. V. and Margotti, A. and Mar\'\in, A. and
	Marin Tobon, C. A. and Markert, C. and Martashvili, I. and Martinengo,
	P. and Mart\'\inez, M. I. and Mart\'\inez Davalos, A. and Mart\'\inez
	Garc\'\ia, G. and Martynov, Y. and Mas, A. and Masciocchi, S. and
	Masera, M. and Masoni, A. and Mastromarco, M. and Mastroserio, A.
	and Matthews, Z. L. and Matyja, A. and Mayani, D. and Mayer, C. and
	Mazer, J. and Mazzoni, M. A. and Meddi, F. and Menchaca-Rocha, A.
	and Mercado P\'erez, J. and Meres, M. and Miake, Y. and Milano, L.
	and Milosevic, J. and Mischke, A. and Mishra, A. N. and Mi\ifmmode
	\acute{s}\else \'{s}\fi{}kowiec, D. and Mitu, C. and Mlynarz, J.
	and Mohanty, A. K. and Mohanty, B. and Molnar, L. and Monta\~no Zetina,
	L. and Monteno, M. and Montes, E. and Moon, T. and Morando, M. and
	Moreira De Godoy, D. A. and Moretto, S. and Morsch, A. and Muccifora,
	V. and Mudnic, E. and Muhuri, S. and Mukherjee, M. and M\"uller,
	H. and Munhoz, M. G. and Musa, L. and Musso, A. and Nandi, B. K.
	and Nania, R. and Nappi, E. and Nattrass, C. and Naumov, N. P. and
	Navin, S. and Nayak, T. K. and Nazarenko, S. and Nazarov, G. and
	Nedosekin, A. and Nicassio, M. and Nielsen, B. S. and Niida, T. and
	Nikolaev, S. and Nikolic, V. and Nikulin, S. and Nikulin, V. and
	Nilsen, B. S. and Nilsson, M. S. and Noferini, F. and Nomokonov,
	P. and Nooren, G. and Novitzky, N. and Nyanin, A. and Nyatha, A.
	and Nygaard, C. and Nystrand, J. and Oeschler, H. and Oh, S. and
	Oh, S. K. and Oleniacz, J. and Oppedisano, C. and Ortiz Velasquez,
	A. and Ortona, G. and Oskarsson, A. and Otwinowski, J. and Oyama,
	K. and Pachmayer, Y. and Pachr, M. and Padilla, F. and Pagano, P.
	and Pai\ifmmode \acute{c}\else \'{c}\fi{}, G. and Painke, F. and
	Pajares, C. and Pal, S. and Pal, S. K. and Palaha, A. and Palmeri,
	A. and Papikyan, V. and Pappalardo, G. S. and Park, W. J. and Passfeld,
	A. and Patalakha, D. I. and Paticchio, V. and Pavlinov, A. and Pawlak,
	T. and Peitzmann, T. and Pereira Da Costa, H. and Pereira De Oliveira
	Filho, E. and Peresunko, D. and P\'erez Lara, C. E. and Perez Lezama,
	E. and Perini, D. and Perrino, D. and Peryt, W. and Pesci, A. and
	Peskov, V. and Pestov, Y. and Petr\'a\ifmmode \check{c}\else \v{c}\fi{}ek,
	V. and Petran, M. and Petris, M. and Petrov, P. and Petrovici, M.
	and Petta, C. and Piano, S. and Piccotti, A. and Pikna, M. and Pillot,
	P. and Pinazza, O. and Pinsky, L. and Pitz, N. and Piuz, F. and Piyarathna,
	D. B. and P\l{}osko\ifmmode \acute{n}\else \'{n}\fi{}, M. and Pluta,
	J. and Pocheptsov, T. and Pochybova, S. and Podesta-Lerma, P. L.
	M. and Poghosyan, M. G. and Polichtchouk, B. and Pop, A. and Porteboeuf-Houssais,
	S. and Posp\'\i\ifmmode \check{s}\else \v{s}\fi{}il, V. and Potukuchi,
	B. and Prasad, S. K. and Preghenella, R. and Prino, F. and Pruneau,
	C. A. and Pshenichnov, I. and Puchagin, S. and Puddu, G. and Pujol
	Teixido, J. and Pulvirenti, A. and Punin, V. and Puti\ifmmode \check{s}\else
	\v{s}\fi{}, M. and Putschke, J. and Quercigh, E. and Qvigstad, H.
	and Rachevski, A. and Rademakers, A. and Radomski, S. and R\"aih\"a,
	T. S. and Rak, J. and Rakotozafindrabe, A. and Ramello, L. and Ram\'\irez
	Reyes, A. and Raniwala, R. and Raniwala, S. and R\"as\"anen, S. S.
	and Rascanu, B. T. and Rathee, D. and Read, K. F. and Real, J. S.
	and Redlich, K. and Reichelt, P. and Reicher, M. and Renfordt, R.
	and Reolon, A. R. and Reshetin, A. and Rettig, F. and Revol, J.-P.
	and Reygers, K. and Riccati, L. and Ricci, R. A. and Richert, T.
	and Richter, M. and Riedler, P. and Riegler, W. and Riggi, F. and
	Rodrigues Fernandes Rabacal, B. and Rodr\'\iguez Cahuantzi, M. and
	Rodriguez Manso, A. and R\o{}ed, K. and Rohr, D. and R\"ohrich, D.
	and Romita, R. and Ronchetti, F. and Rosnet, P. and Rossegger, S.
	and Rossi, A. and Roukoutakis, F. and Roy, C. and Roy, P. and Rubio
	Montero, A. J. and Rui, R. and Ryabinkin, E. and Rybicki, A. and
	Sadovsky, S. and \ifmmode \check{S}\else \v{S}\fi{}afa\ifmmode \check{r}\else
	\v{r}\fi{}\'\ik, K. and Sahoo, R. and Sahu, P. K. and Saini, J. and
	Sakaguchi, H. and Sakai, S. and Sakata, D. and Salgado, C. A. and
	Salzwedel, J. and Sambyal, S. and Samsonov, V. and Sanchez Castro,
	X. and \ifmmode \check{S}\else \v{S}\fi{}\'andor, L. and Sandoval,
	A. and Sano, M. and Sano, S. and Santo, R. and Santoro, R. and Sarkamo,
	J. and Scapparone, E. and Scarlassara, F. and Scharenberg, R. P.
	and Schiaua, C. and Schicker, R. and Schmidt, C. and Schmidt, H.
	R. and Schreiner, S. and Schuchmann, S. and Schukraft, J. and Schutz,
	Y. and Schwarz, K. and Schweda, K. and Scioli, G. and Scomparin,
	E. and Scott, P. A. and Scott, R. and Segato, G. and Selyuzhenkov,
	I. and Senyukov, S. and Seo, J. and Serci, S. and Serradilla, E.
	and Sevcenco, A. and Sgura, I. and Shabetai, A. and Shabratova, G.
	and Shahoyan, R. and Sharma, N. and Sharma, S. and Shigaki, K. and
	Shimomura, M. and Shtejer, K. and Sibiriak, Y. and Siciliano, M.
	and Sicking, E. and Siddhanta, S. and Siemiarczuk, T. and Silvermyr,
	D. and Silvestre, c. and Simonetti, G. and Singaraju, R. and Singh,
	R. and Singha, S. and Sinha, B. C. and Sinha, T. and Sitar, B. and
	Sitta, M. and Skaali, T. B. and Skjerdal, K. and Smakal, R. and Smirnov,
	N. and Snellings, R. J. M. and S\o{}gaard, C. and Soltz, R. and Son,
	H. and Song, J. and Song, M. and Soos, C. and Soramel, F. and Sputowska,
	I. and Spyropoulou-Stassinaki, M. and Srivastava, B. K. and Stachel,
	J. and Stan, I. and Stefanek, G. and Stefanini, G. and Steinbeck,
	T. and Steinpreis, M. and Stenlund, E. and Steyn, G. and Stiller,
	J. H. and Stocco, D. and Stolpovskiy, M. and Strabykin, K. and Strmen,
	P. and Suaide, A. A. P. and Subieta V\'asquez, M. A. and Sugitate,
	T. and Suire, C. and Sukhorukov, M. and Sultanov, R. and \ifmmode
	\check{S}\else \v{S}\fi{}umbera, M. and Susa, T. and Szanto de Toledo,
	A. and Szarka, I. and Szczepankiewicz, A. and Szostak, A. and Tagridis,
	C. and Takahashi, J. and Tapia Takaki, J. D. and Tauro, A. and Tejeda
	Mu\~noz, G. and Telesca, A. and Terrevoli, C. and Th\"ader, J. and
	Thomas, D. and Tieulent, R. and Timmins, A. R. and Tlusty, D. and
	Toia, A. and Torii, H. and Tosello, F. and Trzaska, W. H. and Tsuji,
	T. and Tumkin, A. and Turrisi, R. and Tveter, T. S. and Ulery, J.
	and Ullaland, K. and Ulrich, J. and Uras, A. and Urb\'an, J. and
	Urciuoli, G. M. and Usai, G. L. and Vajzer, M. and Vala, M. and Valencia
	Palomo, L. and Vallero, S. and van der Kolk, N. and van Leeuwen,
	M. and Vande Vyvre, P. and Vannucci, L. and Vargas, A. and Varma,
	R. and Vasileiou, M. and Vasiliev, A. and Vechernin, V. and Veldhoen,
	M. and Venaruzzo, M. and Vercellin, E. and Vergara, S. and Vernet,
	R. and Verweij, M. and Vickovic, L. and Viesti, G. and Vikhlyantsev,
	O. and Vilakazi, Z. and Villalobos Baillie, O. and Vinogradov, A.
	and Vinogradov, L. and Vinogradov, Y. and Virgili, T. and Viyogi,
	Y. P. and Vodopyanov, A. and Voloshin, K. and Voloshin, S. and Volpe,
	G. and von Haller, B. and Vranic, D. and \O{}vrebekk, G. and Vrl\'akov\'a,
	J. and Vulpescu, B. and Vyushin, A. and Wagner, B. and Wagner, V.
	and Wan, R. and Wang, D. and Wang, M. and Wang, Y. and Wang, Y. and
	Watanabe, K. and Wessels, J. P. and Westerhoff, U. and Wiechula,
	J. and Wikne, J. and Wilde, M. and Wilk, A. and Wilk, G. and Williams,
	M. C. S. and Windelband, B. and Xaplanteris Karampatsos, L. and Yaldo,
	C. G. and Yang, H. and Yang, S. and Yasnopolskiy, S. and Yi, J. and
	Yin, Z. and Yoo, I.-K. and Yoon, J. and Yu, W. and Yuan, X. and Yushmanov,
	I. and Zach, C. and Zampolli, C. and Zaporozhets, S. and Zarochentsev,
	A. and Z\'avada, P. and Zaviyalov, N. and Zbroszczyk, H. and Zelnicek,
	P. and Zgura, I. S. and Zhalov, M. and Zhang, H. and Zhang, X. and
	Zhou, D. and Zhou, F. and Zhou, Y. and Zhu, J. and Zhu, X. and Zichichi,
	A. and Zimmermann, A. and Zinovjev, G. and Zoccarato, Y. and Zynovyev,
	M.},
  title = {{M}easurement of the {C}ross {S}ection for {E}lectromagnetic {D}issociation
	with {N}eutron {E}mission in {P}b-{P}b {C}ollisions at $\sqrt{{s}_{\mathrmNN}}\mathbf{=}2.76\text{\,}\text{\,}\mathrm{TeV}$},
  journal = {Phys. Rev. Lett.},
  year = {2012},
  volume = {109},
  pages = {252302},
  month = {Dec},
  collaboration = {ALICE Collaboration},
  comment = {PbPb UPC},
  doi = {10.1103/PhysRevLett.109.252302},
  file = {:/Users/janrak/papers/LHC/ALICE/PbPb/PhysRevLett.109.252302.pdf:PDF},
  issue = {25},
  numpages = {10},
  publisher = {American Physical Society},
  url = {http://link.aps.org/doi/10.1103/PhysRevLett.109.252302}
}

@ARTICLE{PorteboeufHoussais:2012gn,
  author = {Porteboeuf-Houssais, Sarah},
  title = {{J/Psi production as a function of charged particle multiplicity
	in pp collisions at sqrt{s}=7 TeV with the ALICE experiment}},
  year = {2012},
  pages = {21-29},
  archiveprefix = {arXiv},
  collaboration = {ALICE Collaboration},
  comment = {JPsi with Nch, MPI},
  doi = {10.3204/DESY-PROC-2012-03/5},
  eprint = {1202.5864},
  file = {:/Users/janrak/papers/LHC/ALICE/jpsi_Nch.pdf:PDF},
  primaryclass = {hep-ex},
  reportnumber = {DESY-PROC-2012-03},
  slaccitation = {%%CITATION = ARXIV:1202.5864;%%}
}

@ARTICLE{Sicking:2012up,
  author = {Sicking, Eva},
  title = {{Multiplicity Dependence of Two-Particle Correlations in Proton-Proton
	Collisions Measured with ALICE at the LHC}},
  year = {2012},
  archiveprefix = {arXiv},
  collaboration = {ALICE Collaboration},
  comment = {Eva Sicking MPI proceedings},
  eprint = {1209.4178},
  file = {:/Users/janrak/papers/Theses_ALICE_LHC/eva_sicking_MPI.pdf:PDF},
  primaryclass = {hep-ex},
  slaccitation = {%%CITATION = ARXIV:1209.4178;%%}
}

@ARTICLE{Wilde:2012wc,
  author = {Wilde, Martin},
  title = {{Measurement of Direct Photons in pp and Pb-Pb Collisions with ALICE}},
  journal = {Nucl.Phys.A},
  year = {2012},
  archiveprefix = {arXiv},
  collaboration = {ALICE Collaboration},
  comment = {dir gamma slope temperature},
  eprint = {1210.5958},
  file = {:/Users/janrak/papers/LHC/ALICE/PbPb/dir-gamma-1210.5958.pdf:PDF},
  primaryclass = {hep-ex},
  slaccitation = {%%CITATION = ARXIV:1210.5958;%%}
}

@ARTICLE{Aamodt:2010cz,
  author = {Aamodt, K. and others},
  title = {{Centrality dependence of the charged-particle multiplicity density
	at mid-rapidity in Pb-Pb collisions at sqrt(sNN) = 2.76 TeV}},
  journal = {Phys.Rev.Lett.},
  year = {2011},
  volume = {106},
  pages = {032301},
  archiveprefix = {arXiv},
  collaboration = {ALICE Collaboration},
  comment = {PbPb},
  doi = {10.1103/PhysRevLett.106.032301},
  eprint = {1012.1657},
  file = {:Users/janrak/papers/LHC/ALICE/chCent-1012.1657v1.pdf:PDF},
  owner = {janrak},
  primaryclass = {nucl-ex},
  reportnumber = {CERN-PH-EP-2010-071},
  slaccitation = {%%CITATION = ARXIV:1012.1657;%%},
  timestamp = {2012.01.27}
}

@ARTICLE{Aamodt:2010jd,
  author = {Aamodt, K. and others},
  title = {{Suppression of Charged Particle Production at Large Transverse Momentum
	in Central Pb--Pb Collisions at $\sqrt{s_{_NN}} = 2.76$ TeV}},
  journal = {Phys.Lett.},
  year = {2011},
  volume = {B696},
  pages = {30-39},
  archiveprefix = {arXiv},
  collaboration = {ALICE Collaboration},
  comment = {PbPb RAA},
  doi = {10.1016/j.physletb.2010.12.020},
  eprint = {1012.1004},
  file = {:/Users/janrak/papers/LHC/ALICE/PbPb/RAA-1012.1004.pdf:PDF},
  primaryclass = {nucl-ex}
}

@ARTICLE{Aamodt:2011gj,
  author = {Aamodt, K. and others},
  title = {{Rapidity and transverse momentum dependence of inclusive J/psi production
	in pp collisions at sqrt(s) = 7 TeV}},
  journal = {Phys.Lett.},
  year = {2011},
  volume = {B704},
  pages = {442-455},
  archiveprefix = {arXiv},
  collaboration = {ALICE Collaboration},
  comment = {J/Psi rapidity and pT},
  doi = {10.1016/j.physletb.2011.09.054},
  eprint = {1105.0380},
  file = {:/Users/janrak/papers/LHC/ALICE/JPSI_1105.0380.pdf:PDF},
  owner = {janrak},
  primaryclass = {hep-ex},
  reportnumber = {CERN-PH-EP-2011-057},
  slaccitation = {%%CITATION = ARXIV:1105.0380;%%},
  timestamp = {2012.01.27}
}

@ARTICLE{Aamodt:2011mr,
  author = {Aamodt, K. and others},
  title = {{Two-pion Bose-Einstein correlations in central PbPb collisions at
	sqrt(s_NN) = 2.76 TeV}},
  journal = {Phys. Lett.},
  year = {2011},
  volume = {B696},
  pages = {328-337},
  archiveprefix = {arXiv},
  collaboration = {ALICE},
  comment = {HBT PbPb},
  doi = {10.1016/j.physletb.2010.12.053},
  eprint = {1012.4035},
  file = {:/Users/janrak/papers/LHC/ALICE/PbPb/HBT-1012.4035.pdf:PDF},
  primaryclass = {nucl-ex},
  slaccitation = {%%CITATION = 1012.4035;%%}
}

@ARTICLE{Aamodt:2011zj,
  author = {Aamodt, K. and others},
  title = {{Production of pions, kaons and protons in pp collisions at sqrt(s)=
	900 GeV with ALICE at the LHC}},
  journal = {Eur.Phys.J.},
  year = {2011},
  volume = {C71},
  pages = {1655},
  archiveprefix = {arXiv},
  collaboration = {ALICE Collaboration},
  doi = {10.1140/epjc/s10052-011-1655-9},
  eprint = {1101.4110},
  owner = {janrak},
  primaryclass = {hep-ex},
  reportnumber = {CERN-PH-EP-2010-085},
  slaccitation = {%%CITATION = ARXIV:1101.4110;%%},
  timestamp = {2012.01.27}
}

@ARTICLE{Aamodt:2011zza,
  author = {Aamodt, K. and others},
  title = {{Strange particle production in proton-proton collisions at sqrt(s)
	= 0.9 TeV with ALICE at the LHC}},
  journal = {Eur.Phys.J.},
  year = {2011},
  volume = {C71},
  pages = {1594},
  archiveprefix = {arXiv},
  collaboration = {ALICE Collaboration},
  doi = {10.1140/epjc/s10052-011-1594-5},
  eprint = {1012.3257},
  file = {:Users/janrak/papers/LHC/ALICE/1012.3257v2.pdf:PDF},
  owner = {janrak},
  primaryclass = {hep-ex},
  reportnumber = {CERN-PH-EP-2010-065},
  slaccitation = {%%CITATION = ARXIV:1012.3257;%%},
  timestamp = {2012.01.27}
}

@ARTICLE{ALICE:2011ab,
  author = {Aamodt, K. and others},
  title = {{Higher harmonic anisotropic flow measurements of charged particles
	in Pb-Pb collisions at $\sqrt{s_NN}$=2.76 TeV}},
  journal = {Phys. Rev. Lett.},
  year = {2011},
  volume = {107},
  pages = {032301},
  archiveprefix = {arXiv},
  collaboration = {ALICE},
  comment = {top cite odd harmonics fluctuations},
  doi = {10.1103/PhysRevLett.107.032301},
  eprint = {1105.3865},
  file = {:/Users/janrak/papers/LHC/ALICE/PbPb/higherHarmonics_1105.3865.pdf:PDF},
  primaryclass = {nucl-ex},
  reportnumber = {CERN-PH-EP-2011-073},
  slaccitation = {%%CITATION = ARXIV:1105.3865;%%}
}

@ARTICLE{Lippmann:2011bb,
  author = {Lippmann, Christian},
  title = {{Particle identification}},
  year = {2011},
  archiveprefix = {arXiv},
  eprint = {1101.3276},
  file = {:/Users/janrak/papers/LHC/ALICE/LipmanPID_1101.3276v2.pdf:PDF},
  primaryclass = {hep-ex},
  slaccitation = {%%CITATION = 1101.3276;%%}
}

@ARTICLE{Otwinowski:2011gq,
  author = {Otwinowski, Jacek},
  title = {{Charged Particle Production at Large Transverse Momentum in Pb$-$Pb
	Collisions at $\sqrt{s_NN}=2.76$ TeV Measured with ALICE at the LHC}},
  journal = {J.Phys.G},
  year = {2011},
  volume = {G38},
  pages = {124112},
  archiveprefix = {arXiv},
  collaboration = {ALICE Collaboration},
  comment = {PbPb RAA Jacek proceedings},
  doi = {10.1088/0954-3899/38/12/124112},
  eprint = {1110.2985},
  file = {:/Users/janrak/papers/LHC/ALICE/PbPb-RAA-Jacek-1110.2985.pdf:PDF},
  primaryclass = {hep-ex},
  slaccitation = {%%CITATION = ARXIV:1110.2985;%%}
}

@ARTICLE{PhysRevD.84.112004,
  author = {Aamodt, K. and Abrahantes Quintana, A. and Adamov\'a, D. and Adare,
	A. M. and Aggarwal, M. M. and Aglieri Rinella, G. and Agocs, A. G.
	and Aguilar Salazar, S. and Ahammed, Z. and Ahmad, N. and Ahmad Masoodi,
	A. and Ahn, S. U. and Akindinov, A. and Aleksandrov, D. and Alessandro,
	B. and Alfaro Molina, R. and Alici, A. and Alkin, A. and Almar\'az
	Avi\~na, E. and Alt, T. and Altini, V. and Altinpinar, S. and Altsybeev,
	I. and Andrei, C. and Andronic, A. and Anguelov, V. and Anson, C.
	and Anti\ifmmode \check{c}\else \v{c}\fi{}i\ifmmode \acute{c}\else
	\'{c}\fi{}, T. and Antinori, F. and Antonioli, P. and Aphecetche,
	L. and Appelsh\"auser, H. and Arbor, N. and Arcelli, S. and Arend,
	A. and Armesto, N. and Arnaldi, R. and Aronsson, T. and Arsene, I.
	C. and Asryan, A. and Augustinus, A. and Averbeck, R. and Awes, T.
	C. and \"Ayst\"o, J. and Azmi, M. D. and Bach, M. and Badal\`a, A.
	and Baek, Y. W. and Bagnasco, S. and Bailhache, R. and Bala, R. and
	Baldini Ferroli, R. and Baldisseri, A. and Baldit, A. and B\'an,
	J. and Barbera, R. and Barile, F. and Barnaf\"oldi, G. G. and Barnby,
	L. S. and Barret, V. and Bartke, J. and Basile, M. and Bastid, N.
	and Bathen, B. and Batigne, G. and Batyunya, B. and Baumann, C. and
	Bearden, I. G. and Beck, H. and Belikov, I. and Bellini, F. and Bellwied,
	R. and Belmont-Moreno, E. and Beole, S. and Berceanu, I. and Bercuci,
	A. and Berdermann, E. and Berdnikov, Y. and Betev, L. and Bhasin,
	A. and Bhati, A. K. and Bianchi, L. and Bianchi, N. and Bianchin,
	C. and Biel\ifmmode \check{c}\else \v{c}\fi{}\'\ik, J. and Biel\ifmmode
	\check{c}\else \v{c}\fi{}\'\ikov\'a, J. and Bilandzic, A. and Biolcati,
	E. and Blanc, A. and Blanco, F. and Blanco, F. and Blau, D. and Blume,
	C. and Boccioli, M. and Bock, N. and Bogdanov, A. and B\o{}ggild,
	H. and Bogolyubsky, M. and Boldizs\'ar, L. and Bombara, M. and Bombonati,
	C. and Book, J. and Borel, H. and Bortolin, C. and Bose, S. and Boss\'u,
	F. and Botje, M. and B\"ottger, S. and Boyer, B. and Braun-Munzinger,
	P. and Bravina, L. and Bregant, M. and Breitner, T. and Broz, M.
	and Brun, R. and Bruna, E. and Bruno, G. E. and Budnikov, D. and
	Buesching, H. and Busch, O. and Buthelezi, Z. and Caffarri, D. and
	Cai, X. and Caines, H. and Calvo Villar, E. and Camerini, P. and
	Canoa Roman, V. and Cara Romeo, G. and Carena, F. and Carena, W.
	and Carminati, F. and Casanova D\'\iaz, A. and Caselle, M. and Castillo
	Castellanos, J. and Catanescu, V. and Cavicchioli, C. and Cerello,
	P. and Chang, B. and Chapeland, S. and Charvet, J. L. and Chattopadhyay,
	S. and Chattopadhyay, S. and Cherney, M. and Cheshkov, C. and Cheynis,
	B. and Chiavassa, E. and Chibante Barroso, V. and Chinellato, D.
	D. and Chochula, P. and Chojnacki, M. and Christakoglou, P. and Christensen,
	C. H. and Christiansen, P. and Chujo, T. and Cicalo, C. and Cifarelli,
	L. and Cindolo, F. and Cleymans, J. and Coccetti, F. and Coffin,
	J.-P. and Coli, S. and Conesa Balbastre, G. and Conesa del Valle,
	Z. and Constantin, P. and Contin, G. and Contreras, J. G. and Cormier,
	T. M. and Corrales Morales, Y. and Cort\'es Maldonado, I. and Cortese,
	P. and Cosentino, M. R. and Costa, F. and Cotallo, M. E. and Crescio,
	E. and Crochet, P. and Cuautle, E. and Cunqueiro, L. and D'Erasmo,
	G. and Dainese, A. and Dalsgaard, H. H. and Danu, A. and Das, D.
	and Das, I. and Dash, A. and Dash, S. and De, S. and De Azevedo Moregula,
	A. and de Barros, G. O. V. and De Caro, A. and de Cataldo, G. and
	de Cuveland, J. and De Falco, A. and De Gruttola, D. and De Marco,
	N. and De Pasquale, S. and De Remigis, R. and de Rooij, R. and Delagrange,
	H. and Delgado Mercado, Y. and Dellacasa, G. and Deloff, A. and Demanov,
	V. and D\'enes, E. and Deppman, A. and Di Bari, D. and Di Giglio,
	C. and Di Liberto, S. and Di Mauro, A. and Di Nezza, P. and Dietel,
	T. and Divi\`a, R. and Djuvsland, \O{}. and Dobrin, A. and Dobrowolski,
	T. and Dom\'\inguez, I. and D\"onigus, B. and Dordic, O. and Driga,
	O. and Dubey, A. K. and Ducroux, L. and Dupieux, P. and Dutta Majumdar,
	A. K. and Dutta Majumdar, M. R. and Elia, D. and Emschermann, D.
	and Engel, H. and Erdal, H. A. and Espagnon, B. and Estienne, M.
	and Esumi, S. and Evans, D. and Evrard, S. and Eyyubova, G. and Fabris,
	D. and Faivre, J. and Falchieri, D. and Fantoni, A. and Fasel, M.
	and Fearick, R. and Fedunov, A. and Fehlker, D. and Fekete, V. and
	Felea, D. and Feofilov, G. and Fern\'andez T\'ellez, A. and Ferretti,
	A. and Ferretti, R. and Figueredo, M. A. S. and Filchagin, S. and
	Fini, R. and Finogeev, D. and Fionda, F. M. and Fiore, E. M. and
	Floris, M. and Foertsch, S. and Foka, P. and Fokin, S. and Fragiacomo,
	E. and Fragkiadakis, M. and Frankenfeld, U. and Fuchs, U. and Furano,
	F. and Furget, C. and Fusco Girard, M. and Gaardh\o{}je, J. J. and
	Gadrat, S. and Gagliardi, M. and Gago, A. and Gallio, M. and Ganoti,
	P. and Garabatos, C. and Gemme, R. and Gerhard, J. and Germain, M.
	and Geuna, C. and Gheata, A. and Gheata, M. and Ghidini, B. and Ghosh,
	P. and Girard, M. R. and Giraudo, G. and Giubellino, P. and Gladysz-Dziadus,
	E. and Gl\"assel, P. and Gomez, R. and Gonz\'alez-Trueba, L. H. and
	Gonz\'alez-Zamora, P. and Gonz\'alez Santos, H. and Gorbunov, S.
	and Gotovac, S. and Grabski, V. and Graczykowski, L. K. and Grajcarek,
	R. and Grelli, A. and Grigoras, A. and Grigoras, C. and Grigoriev,
	V. and Grigoryan, A. and Grigoryan, S. and Grinyov, B. and Grion,
	N. and Gros, P. and Grosse-Oetringhaus, J. F. and Grossiord, J.-Y.
	and Grosso, R. and Guber, F. and Guernane, R. and Guerra Gutierrez,
	C. and Guerzoni, B. and Gulbrandsen, K. and Gulkanyan, H. and Gunji,
	T. and Gupta, A. and Gupta, R. and Gutbrod, H. and Haaland, \O{}.
	and Hadjidakis, C. and Haiduc, M. and Hamagaki, H. and Hamar, G.
	and Harris, J. W. and Hartig, M. and Hasch, D. and Hasegan, D. and
	Hatzifotiadou, D. and Hayrapetyan, A. and Heide, M. and Heinz, M.
	and Helstrup, H. and Herghelegiu, A. and Hern\'andez, C. and Herrera
	Corral, G. and Herrmann, N. and Hetland, K. F. and Hicks, B. and
	Hille, P. T. and Hippolyte, B. and Horaguchi, T. and Hori, Y. and
	Hristov, P. and H\ifmmode \check{r}\else \v{r}\fi{}ivn\'a\ifmmode
	\check{c}\else \v{c}\fi{}ov\'a, I. and Huang, M. and Huber, S. and
	Humanic, T. J. and Hwang, D. S. and Ichou, R. and Ilkaev, R. and
	Ilkiv, I. and Inaba, M. and Incani, E. and Innocenti, G. M. and Innocenti,
	P. G. and Ippolitov, M. and Irfan, M. and Ivan, C. and Ivanov, A.
	and Ivanov, M. and Ivanov, V. and Jacho\l{}kowski, A. and Jacobs,
	P. M. and Jancurov\'a, L. and Jangal, S. and Janik, M. A. and Janik,
	R. and Jayarathna, S. P. and Jena, S. and Jirden, L. and Jones, G.
	T. and Jones, P. G. and Jovanovi\ifmmode \acute{c}\else \'{c}\fi{},
	P. and Jung, H. and Jung, W. and Jusko, A. and Kalcher, S. and Kali\ifmmode
	\check{n}\else \v{n}\fi{}\'ak, P. and Kalisky, M. and Kalliokoski,
	T. and Kalweit, A. and Kamermans, R. and Kanaki, K. and Kang, E.
	and Kang, J. H. and Kaplin, V. and Karavichev, O. and Karavicheva,
	T. and Karpechev, E. and Kazantsev, A. and Kebschull, U. and Keidel,
	R. and Khan, M. M. and Khanzadeev, A. and Kharlov, Y. and Kileng,
	B. and Kim, D. J. and Kim, D. S. and Kim, D. W. and Kim, H. N. and
	Kim, J. H. and Kim, J. S. and Kim, M. and Kim, M. and Kim, S. and
	Kim, S. H. and Kirsch, S. and Kisel, I. and Kiselev, S. and Kisiel,
	A. and Klay, J. L. and Klein, J. and Klein-B\"osing, C. and Kliemant,
	M. and Klovning, A. and Kluge, A. and Knichel, M. L. and Koch, K.
	and K\"ohler, M. K. and Kolevatov, R. and Kolojvari, A. and Kondratiev,
	V. and Kondratyeva, N. and Konevskih, A. and Korna\ifmmode \acute{s}\else
	\'{s}\fi{}, E. and Kottachchi Kankanamge Don, C. and Kour, R. and
	Kowalski, M. and Kox, S. and Koyithatta Meethaleveedu, G. and Kozlov,
	K. and Kral, J. and Kr\'alik, I. and Kramer, F. and Kraus, I. and
	Krawutschke, T. and Kretz, M. and Krivda, M. and Krumbhorn, D. and
	Krus, M. and Kryshen, E. and Krzewicki, M. and Kucheriaev, Y. and
	Kuhn, C. and Kuijer, P. G. and Kurashvili, P. and Kurepin, A. and
	Kurepin, A. B. and Kuryakin, A. and Kushpil, S. and Kushpil, V. and
	Kweon, M. J. and Kwon, Y. and La Rocca, P. and Ladr\'on de Guevara,
	P. and Lafage, V. and Lara, C. and Larsen, D. T. and Lazzeroni, C.
	and Le Bornec, Y. and Lea, R. and Lee, K. S. and Lee, S. C. and Lef\`evre,
	F. and Lehnert, J. and Leistam, L. and Lenhardt, M. and Lenti, V.
	and Le\'on Monz\'on, I. and Le\'on Vargas, H. and L\'evai, P. and
	Li, X. and Lietava, R. and Lindal, S. and Lindenstruth, V. and Lippmann,
	C. and Lisa, M. A. and Liu, L. and Loggins, V. R. and Loginov, V.
	and Lohn, S. and Lohner, D. and Loizides, C. and Lopez, X. and L\'opez
	Noriega, M. and L\'opez Torres, E. and L\o{}vh\o{}iden, G. and Lu,
	X.-G. and Luettig, P. and Lunardon, M. and Luparello, G. and Luquin,
	L. and Luzzi, C. and Ma, K. and Ma, R. and Madagodahettige-Don, D.
	M. and Maevskaya, A. and Mager, M. and Mahapatra, D. P. and Maire,
	A. and Malaev, M. and Maldonado Cervantes, I. and Malinina, L. and
	Mal'Kevich, D. and Malzacher, P. and Mamonov, A. and Manceau, L.
	and Mangotra, L. and Manko, V. and Manso, F. and Manzari, V. and
	Mao, Y. and Mare\ifmmode \check{s}\else \v{s}\fi{}, J. and Margagliotti,
	G. V. and Margotti, A. and Mar\'\in, A. and Martashvili, I. and Martinengo,
	P. and Mart\'\inez, M. I. and Mart\'\inez Davalos, A. and Mart\'\inez
	Garc\'\ia, G. and Martynov, Y. and Mas, A. and Masciocchi, S. and
	Masera, M. and Masoni, A. and Massacrier, L. and Mastromarco, M.
	and Mastroserio, A. and Matthews, Z. L. and Matyja, A. and Mayani,
	D. and Mazza, G. and Mazzoni, M. A. and Meddi, F. and Menchaca-Rocha,
	A. and Mendez Lorenzo, P. and Mercado P\'erez, J. and Mereu, P. and
	Miake, Y. and Midori, J. and Milano, L. and Milosevic, J. and Mischke,
	A. and Mi\ifmmode \acute{s}\else \'{s}\fi{}kowiec, D. and Mitu, C.
	and Mlynarz, J. and Mohanty, B. and Molnar, L. and Monta\~no Zetina,
	L. and Monteno, M. and Montes, E. and Morando, M. and Moreira De
	Godoy, D. A. and Moretto, S. and Morsch, A. and Muccifora, V. and
	Mudnic, E. and M\"uller, H. and Muhuri, S. and Munhoz, M. G. and
	Munoz, J. and Musa, L. and Musso, A. and Nandi, B. K. and Nania,
	R. and Nappi, E. and Nattrass, C. and Navach, F. and Navin, S. and
	Nayak, T. K. and Nazarenko, S. and Nazarov, G. and Nedosekin, A.
	and Nendaz, F. and Newby, J. and Nicassio, M. and Nielsen, B. S.
	and Nikolaev, S. and Nikolic, V. and Nikulin, S. and Nikulin, V.
	and Nilsen, B. S. and Nilsson, M. S. and Noferini, F. and Nooren,
	G. and Novitzky, N. and Nyanin, A. and Nyatha, A. and Nygaard, C.
	and Nystrand, J. and Obayashi, H. and Ochirov, A. and Oeschler, H.
	and Oh, S. K. and Oleniacz, J. and Oppedisano, C. and Ortiz Velasquez,
	A. and Ortona, G. and Oskarsson, A. and Ostrowski, P. and Otterlund,
	I. and Otwinowski, J. and \O{}vrebekk, G. and Oyama, K. and Ozawa,
	K. and Pachmayer, Y. and Pachr, M. and Padilla, F. and Pagano, P.
	and Pai\ifmmode \acute{c}\else \'{c}\fi{}, G. and Painke, F. and
	Pajares, C. and Pal, S. and Pal, S. K. and Palaha, A. and Palmeri,
	A. and Pappalardo, G. S. and Park, W. J. and Paticchio, V. and Pavlinov,
	A. and Pawlak, T. and Peitzmann, T. and Peresunko, D. and P\'erez
	Lara, C. E. and Perini, D. and Perrino, D. and Peryt, W. and Pesci,
	A. and Peskov, V. and Pestov, Y. and Peters, A. J. and Petr\'a\ifmmode
	\check{c}\else \v{c}\fi{}ek, V. and Petris, M. and Petrov, P. and
	Petrovici, M. and Petta, C. and Piano, S. and Piccotti, A. and Pikna,
	M. and Pillot, P. and Pinazza, O. and Pinsky, L. and Pitz, N. and
	Piuz, F. and Piyarathna, D. B. and Platt, R. and P\l{}osko\ifmmode
	\acute{n}\else \'{n}\fi{}, M. and Pluta, J. and Pocheptsov, T. and
	Pochybova, S. and Podesta-Lerma, P. L. M. and Poghosyan, M. G. and
	Pol\'ak, K. and Polichtchouk, B. and Pop, A. and Posp\'\i\ifmmode
	\check{s}\else \v{s}\fi{}il, V. and Potukuchi, B. and Prasad, S.
	K. and Preghenella, R. and Prino, F. and Pruneau, C. A. and Pshenichnov,
	I. and Puddu, G. and Pulvirenti, A. and Punin, V. and Puti\ifmmode
	\check{s}\else \v{s}\fi{}, M. and Putschke, J. and Quercigh, E. and
	Qvigstad, H. and Rachevski, A. and Rademakers, A. and Rademakers,
	O. and Radomski, S. and R\"aih\"a, T. S. and Rak, J. and Rakotozafindrabe,
	A. and Ramello, L. and Ram\'\irez Reyes, A. and Rammler, M. and Raniwala,
	R. and Raniwala, S. and R\"as\"anen, S. S. and Read, K. F. and Real,
	J. S. and Redlich, K. and Renfordt, R. and Reolon, A. R. and Reshetin,
	A. and Rettig, F. and Revol, J.-P. and Reygers, K. and Ricaud, H.
	and Riccati, L. and Ricci, R. A. and Richter, M. and Riedler, P.
	and Riegler, W. and Riggi, F. and Rivetti, A. and Rodr\'\iguez Cahuantzi,
	M. and Rohr, D. and R\"ohrich, D. and Romita, R. and Ronchetti, F.
	and Rosinsk\'y, P. and Rosnet, P. and Rossegger, S. and Rossi, A.
	and Roukoutakis, F. and Rousseau, S. and Roy, C. and Roy, P. and
	Rubio Montero, A. J. and Rui, R. and Rusanov, I. and Ryabinkin, E.
	and Rybicki, A. and Sadovsky, S. and \ifmmode \check{S}\else \v{S}\fi{}afa\ifmmode
	\check{r}\else \v{r}\fi{}\'\ik, K. and Sahoo, R. and Sahu, P. K.
	and Saiz, P. and Sakai, S. and Sakata, D. and Salgado, C. A. and
	Samanta, T. and Sambyal, S. and Samsonov, V. and \ifmmode \check{S}\else
	\v{S}\fi{}\'andor, L. and Sandoval, A. and Sano, M. and Sano, S.
	and Santo, R. and Santoro, R. and Sarkamo, J. and Saturnini, P. and
	Scapparone, E. and Scarlassara, F. and Scharenberg, R. P. and Schiaua,
	C. and Schicker, R. and Schmidt, C. and Schmidt, H. R. and Schreiner,
	S. and Schuchmann, S. and Schukraft, J. and Schutz, Y. and Schwarz,
	K. and Schweda, K. and Scioli, G. and Scomparin, E. and Scott, P.
	A. and Scott, R. and Segato, G. and Senyukov, S. and Seo, J. and
	Serci, S. and Serradilla, E. and Sevcenco, A. and Shabratova, G.
	and Shahoyan, R. and Sharma, N. and Sharma, S. and Shigaki, K. and
	Shimomura, M. and Shtejer, K. and Sibiriak, Y. and Siciliano, M.
	and Sicking, E. and Siemiarczuk, T. and Silenzi, A. and Silvermyr,
	D. and Simonetti, G. and Singaraju, R. and Singh, R. and Sinha, B.
	C. and Sinha, T. and Sitar, B. and Sitta, M. and Skaali, T. B. and
	Skjerdal, K. and Smakal, R. and Smirnov, N. and Snellings, R. and
	S\o{}gaard, C. and Soloviev, A. and Soltz, R. and Son, H. and Song,
	M. and Soos, C. and Soramel, F. and Spyropoulou-Stassinaki, M. and
	Srivastava, B. K. and Stachel, J. and Stan, I. and Stefanek, G. and
	Stefanini, G. and Steinbeck, T. and Stenlund, E. and Steyn, G. and
	Stocco, D. and Stock, R. and Stolpovskiy, M. and Strmen, P. and Suaide,
	A. A. P. and Subieta V\'asquez, M. A. and Sugitate, T. and Suire,
	C. and \ifmmode \check{S}\else \v{S}\fi{}umbera, M. and Susa, T.
	and Swoboda, D. and Symons, T. J. M. and Szanto de Toledo, A. and
	Szarka, I. and Szostak, A. and Tagridis, C. and Takahashi, J. and
	Tapia Takaki, J. D. and Tauro, A. and Tavlet, M. and Tejeda Mu\~noz,
	G. and Telesca, A. and Terrevoli, C. and Th\"ader, J. and Thomas,
	D. and Thomas, J. H. and Tieulent, R. and Timmins, A. R. and Tlusty,
	D. and Toia, A. and Torii, H. and Toscano, L. and Tosello, F. and
	Traczyk, T. and Truesdale, D. and Trzaska, W. H. and Tumkin, A. and
	Turrisi, R. and Turvey, A. J. and Tveter, T. S. and Ulery, J. and
	Ullaland, K. and Uras, A. and Urb\'an, J. and Urciuoli, G. M. and
	Usai, G. L. and Vacchi, A. and Vala, M. and Valencia Palomo, L. and
	Vallero, S. and van der Kolk, N. and van Leeuwen, M. and Vande Vyvre,
	P. and Vannucci, L. and Vargas, A. and Varma, R. and Vasileiou, M.
	and Vasiliev, A. and Vechernin, V. and Venaruzzo, M. and Vercellin,
	E. and Vergara, S. and Vernet, R. and Verweij, M. and Vickovic, L.
	and Viesti, G. and Vikhlyantsev, O. and Vilakazi, Z. and Villalobos
	Baillie, O. and Vinogradov, A. and Vinogradov, L. and Vinogradov,
	Y. and Virgili, T. and Viyogi, Y. P. and Vodopyanov, A. and Voloshin,
	K. and Voloshin, S. and Volpe, G. and von Haller, B. and Vranic,
	D. and Vrl\'akov\'a, J. and Vulpescu, B. and Wagner, B. and Wagner,
	V. and Wan, R. and Wang, D. and Wang, Y. and Wang, Y. and Watanabe,
	K. and Wessels, J. P. and Westerhoff, U. and Wiechula, J. and Wikne,
	J. and Wilde, M. and Wilk, A. and Wilk, G. and Williams, M. C. S.
	and Windelband, B. and Yang, H. and Yasnopolskiy, S. and Yi, J. and
	Yin, Z. and Yokoyama, H. and Yoo, I.-K. and Yuan, X. and Yushmanov,
	I. and Zabrodin, E. and Zampolli, C. and Zaporozhets, S. and Zarochentsev,
	A. and Z\'avada, P. and Zbroszczyk, H. and Zelnicek, P. and Zenin,
	A. and Zgura, I. and Zhalov, M. and Zhang, X. and Zhou, D. and Zhu,
	X. and Zichichi, A. and Zinovjev, G. and Zoccarato, Y. and Zynovyev,
	M.},
  title = {{F}emtoscopy of $pp$ collisions at $\sqrt{s}=0.9$ and 7~{T}e{V} at
	the {LHC} with two-pion {B}ose-{E}instein correlations},
  journal = {Phys. Rev. D},
  year = {2011},
  volume = {84},
  pages = {112004},
  month = {Dec},
  archiveprefix = {arXiv},
  collaboration = {ALICE Collaboration},
  doi = {10.1103/PhysRevD.84.112004},
  eprint = {1101.3665},
  issue = {11},
  numpages = {22},
  owner = {janrak},
  primaryclass = {hep-ex},
  publisher = {American Physical Society},
  reportnumber = {CERN-PH-EP-2010-083},
  slaccitation = {%%CITATION = ARXIV:1101.3665;%%},
  timestamp = {2012.01.27},
  url = {http://link.aps.org/doi/10.1103/PhysRevD.84.112004}
}

@ARTICLE{PhysRevLett.107.032301,
  author = {Aamodt, K. and Abelev, B. and Abrahantes Quintana, A. and Adamov\'a,
	D. and Adare, A. M. and Aggarwal, M. M. and Aglieri Rinella, G. and
	Agocs, A. G. and Agostinelli, A. and Aguilar Salazar, S. and Ahammed,
	Z. and Ahmad, N. and Ahmad Masoodi, A. and Ahn, S. U. and Akindinov,
	A. and Aleksandrov, D. and Alessandro, B. and Alfaro Molina, R. and
	Alici, A. and Alkin, A. and Almar\'az Avi\~na, E. and Alt, T. and
	Altini, V. and Altsybeev, I. and Andrei, C. and Andronic, A. and
	Anguelov, V. and Anson, C. and Anti\ifmmode \check{c}\else \v{c}\fi{}i\ifmmode
	\acute{c}\else \'{c}\fi{}, T. and Antinori, F. and Antonioli, P.
	and Aphecetche, L. and Appelsh\"auser, H. and Arbor, N. and Arcelli,
	S. and Arend, A. and Armesto, N. and Arnaldi, R. and Aronsson, T.
	and Arsene, I. C. and Arslandok, M. and Asryan, A. and Augustinus,
	A. and Averbeck, R. and Awes, T. C. and \"Ayst\"o, J. and Azmi, M.
	D. and Bach, M. and Badal\`a, A. and Baek, Y. W. and Bailhache, R.
	and Bala, R. and Baldini Ferroli, R. and Baldisseri, A. and Baldit,
	A. and B\'an, J. and Baral, R. C. and Barbera, R. and Barile, F.
	and Barnaf\"oldi, G. G. and Barnby, L. S. and Barret, V. and Bartke,
	J. and Basile, M. and Bastid, N. and Bathen, B. and Batigne, G. and
	Batyunya, B. and Baumann, C. and Bearden, I. G. and Beck, H. and
	Belikov, I. and Bellini, F. and Bellwied, R. and Belmont-Moreno,
	E. and Beole, S. and Berceanu, I. and Bercuci, A. and Berdermann,
	E. and Berdnikov, Y. and Bergmann, C. and Betev, L. and Bhasin, A.
	and Bhati, A. K. and Bianchi, L. and Bianchi, N. and Bianchin, C.
	and Biel\ifmmode \check{c}\else \v{c}\fi{}\'\ik, J. and Biel\ifmmode
	\check{c}\else \v{c}\fi{}\'\ikov\'a, J. and Bilandzic, A. and Biolcati,
	E. and Blanco, F. and Blanco, F. and Blau, D. and Blume, C. and Boccioli,
	M. and Bock, N. and Bogdanov, A. and B\o{}ggild, H. and Bogolyubsky,
	M. and Boldizs\'ar, L. and Bombara, M. and Bombonati, C. and Book,
	J. and Borel, H. and Borissov, A. and Bortolin, C. and Bose, S. and
	Boss\'u, F. and Botje, M. and B\"ottger, S. and Boyer, B. and Braun-Munzinger,
	P. and Bravina, L. and Bregant, M. and Breitner, T. and Broz, M.
	and Brun, R. and Bruna, E. and Bruno, G. E. and Budnikov, D. and
	Buesching, H. and Bufalino, S. and Bugaiev, K. and Busch, O. and
	Buthelezi, Z. and Caffarri, D. and Cai, X. and Caines, H. and Calvo
	Villar, E. and Camerini, P. and Canoa Roman, V. and Cara Romeo, G.
	and Carena, F. and Carena, W. and Carlin Filho, N. and Carminati,
	F. and Casanova D\'\iaz, A. and Caselle, M. and Castillo Castellanos,
	J. and Castillo Hernandez, J. F. and Catanescu, V. and Cavicchioli,
	C. and Cepila, J. and Cerello, P. and Chang, B. and Chapeland, S.
	and Charvet, J. L. and Chattopadhyay, S. and Chattopadhyay, S. and
	Cherney, M. and Cheshkov, C. and Cheynis, B. and Chibante Barroso,
	V. and Chinellato, D. D. and Chochula, P. and Chojnacki, M. and Christakoglou,
	P. and Christensen, C. H. and Christiansen, P. and Chujo, T. and
	Cicalo, C. and Cifarelli, L. and Cindolo, F. and Cleymans, J. and
	Coccetti, F. and Coffin, J.-P. and Conesa Balbastre, G. and Conesa
	del Valle, Z. and Constantin, P. and Contin, G. and Contreras, J.
	G. and Cormier, T. M. and Corrales Morales, Y. and Cortese, P. and
	Cort\'es Maldonado, I. and Cosentino, M. R. and Costa, F. and Cotallo,
	M. E. and Crescio, E. and Crochet, P. and Cuautle, E. and Cunqueiro,
	L. and Dainese, A. and Dalsgaard, H. H. and Danu, A. and Das, I.
	and Das, D. and Dash, S. and Dash, A. and De, S. and De Azevedo Moregula,
	A. and de Barros, G. O. V. and De Caro, A. and de Cataldo, G. and
	de Cuveland, J. and De Falco, A. and De Gruttola, D. and Delagrange,
	H. and Del Castillo Sanchez, E. and Delgado Mercado, Y. and Dellacasa,
	G. and Deloff, A. and Demanov, V. and De Marco, N. and D\'enes, E.
	and De Pasquale, S. and Deppman, A. and Erasmo, G. D. and de Rooij,
	R. and Di Bari, D. and Dietel, T. and Di Giglio, C. and Di Liberto,
	S. and Di Mauro, A. and Di Nezza, P. and Divi\`a, R. and Djuvsland,
	\O{}. and Dobrin, A. and Dobrowolski, T. and Dom\'\inguez, I. and
	D\"onigus, B. and Dordic, O. and Driga, O. and Dubey, A. K. and Ducroux,
	L. and Dupieux, P. and Dutta Majumdar, M. R. and Dutta Majumdar,
	A. K. and Elia, D. and Emschermann, D. and Engel, H. and Erdal, H.
	A. and Espagnon, B. and Estienne, M. and Esumi, S. and Evans, D.
	and Evrard, S. and Eyyubova, G. and Fabjan, C. W. and Fabris, D.
	and Faivre, J. and Falchieri, D. and Fantoni, A. and Fasel, M. and
	Fearick, R. and Fedunov, A. and Fehlker, D. and Fekete, V. and Felea,
	D. and Feofilov, G. and Fern\'andez T\'ellez, A. and Ferretti, R.
	and Ferretti, A. and Figueredo, M. A. S. and Filchagin, S. and Fini,
	R. and Finogeev, D. and Fionda, F. M. and Fiore, E. M. and Floris,
	M. and Foertsch, S. and Foka, P. and Fokin, S. and Fragiacomo, E.
	and Fragkiadakis, M. and Frankenfeld, U. and Fuchs, U. and Furano,
	F. and Furget, C. and Fusco Girard, M. and Gaardh\o{}je, J. J. and
	Gadrat, S. and Gagliardi, M. and Gago, A. and Gallio, M. and Gangadharan,
	D. R. and Ganoti, P. and Garabatos, C. and Garcia-Solis, E. and Gemme,
	R. and Gerhard, J. and Germain, M. and Geuna, C. and Gheata, M. and
	Gheata, A. and Ghidini, B. and Ghosh, P. and Gianotti, P. and Girard,
	M. R. and Giubellino, P. and Gladysz-Dziadus, E. and Gl\"assel, P.
	and Gomez, R. and Ferreiro, E. G. and Gonz\'alez-Trueba, L. H. and
	Gonz\'alez-Zamora, P. and Gorbunov, S. and Gotovac, S. and Grabski,
	V. and Graczykowski, L. K. and Grajcarek, R. and Grelli, A. and Grigoras,
	C. and Grigoras, A. and Grigoriev, V. and Grigoryan, S. and Grigoryan,
	A. and Grinyov, B. and Grion, N. and Gros, P. and Grosse-Oetringhaus,
	J. F. and Grossiord, J.-Y. and Guber, F. and Guernane, R. and Guerra
	Gutierrez, C. and Guerzoni, B. and Guilbaud, M. and Gulbrandsen,
	K. and Gulkanyan, H. and Gunji, T. and Gupta, R. and Gupta, A. and
	Gutbrod, H. and Haaland, \O{}. and Hadjidakis, C. and Haiduc, M.
	and Hamagaki, H. and Hamar, G. and Han, B. H. and Hanratty, L. D.
	and Harmanova, Z. and Harris, J. W. and Hartig, M. and Hasegan, D.
	and Hatzifotiadou, D. and Hayrapetyan, A. and Heide, M. and Heinz,
	M. and Helstrup, H. and Herghelegiu, A. and Herrera Corral, G. and
	Herrmann, N. and Hetland, K. F. and Hicks, B. and Hille, P. T. and
	Hippolyte, B. and Horaguchi, T. and Hori, Y. and Hristov, P. and
	H\ifmmode \check{r}\else \v{r}\fi{}ivn\'a\ifmmode \check{c}\else
	\v{c}\fi{}ov\'a, I. and Huang, M. and Huber, S. and Humanic, T. J.
	and Hwang, D. S. and Ilkaev, R. and Ilkiv, I. and Inaba, M. and Incani,
	E. and Innocenti, G. M. and Ippolitov, M. and Irfan, M. and Ivan,
	C. and Ivanov, V. and Ivanov, A. and Ivanov, M. and Jacho\l{}kowski,
	A. and Jacobs, P. M. and Jancurov\'a, L. and Jangal, S. and Janik,
	M. A. and Janik, R. and Jayarathna, P. H. S. Y. and Jena, S. and
	Jirden, L. and Jones, G. T. and Jones, P. G. and Jovanovi\ifmmode
	\acute{c}\else \'{c}\fi{}, P. and Jung, W. and Jung, H. and Jusko,
	A. and Kaidalov, A. B. and Kalcher, S. and Kali\ifmmode \check{n}\else
	\v{n}\fi{}\'ak, P. and Kalisky, M. and Kalliokoski, T. and Kalweit,
	A. and Kamermans, R. and Kanaki, K. and Kang, J. H. and Kang, E.
	and Kaplin, V. and Karasu Uysal, A. and Karavichev, O. and Karavicheva,
	T. and Karpechev, E. and Kazantsev, A. and Kebschull, U. and Keidel,
	R. and Khan, M. M. and Khan, P. and Khanzadeev, A. and Kharlov, Y.
	and Kileng, B. and Kim, S. and Kim, B. and Kim, D. J. and Kim, S.
	H. and Kim, D. S. and Kim, D. W. and Kim, J. H. and Kim, J. S. and
	Kim, M. and Kirsch, S. and Kisel, I. and Kiselev, S. and Kisiel,
	A. and Klay, J. L. and Klein, J. and Klein-B\"osing, C. and Kliemant,
	M. and Kluge, A. and Knichel, M. L. and Koch, K. and K\"ohler, M.
	K. and Kolojvari, A. and Kondratiev, V. and Kondratyeva, N. and Konevskih,
	A. and Korna\ifmmode \acute{s}\else \'{s}\fi{}, E. and Kottachchi
	Kankanamge Don, C. and Kour, R. and Kowalski, M. and Kox, S. and
	Koyithatta Meethaleveedu, G. and Kozlov, K. and Kral, J. and Kr\'alik,
	I. and Kramer, F. and Kraus, I. and Krawutschke, T. and Kretz, M.
	and Krivda, M. and Krizek, F. and Krus, M. and Kryshen, E. and Krzewicki,
	M. and Kucheriaev, Y. and Kuhn, C. and Kuijer, P. G. and Kurashvili,
	P. and Kurepin, A. and Kurepin, A. B. and Kuryakin, A. and Kushpil,
	S. and Kushpil, V. and Kvaerno, H. and Kweon, M. J. and Kwon, Y.
	and Ladr\'on de Guevara, P. and Lafage, V. and Lakomov, I. and Lara,
	C. and Lardeux, A. and La Rocca, P. and Larsen, D. T. and Lazzeroni,
	C. and Lea, R. and Le Bornec, Y. and Lee, K. S. and Lee, S. C. and
	Lef\`evre, F. and Lehnert, J. and Leistam, L. and Lenhardt, M. and
	Lenti, V. and Le\'on, H. and Le\'on Monz\'on, I. and Le\'on Vargas,
	H. and L\'evai, P. and Li, X. and Lien, J. and Lietava, R. and Lindal,
	S. and Lindenstruth, V. and Lippmann, C. and Lisa, M. A. and Liu,
	L. and Loenne, P. I. and Loggins, V. R. and Loginov, V. and Lohn,
	S. and Lohner, D. and Loizides, C. and Loo, K. K. and Lopez, X. and
	L\'opez Noriega, M. and L\'opez Torres, E. and L\o{}vh\o{}iden, G.
	and Lu, X.-G. and Luettig, P. and Lunardon, M. and Luparello, G.
	and Luquin, L. and Luzzi, C. and Ma, K. and Ma, R. and Madagodahettige-Don,
	D. M. and Maevskaya, A. and Mager, M. and Mahapatra, D. P. and Maire,
	A. and Malaev, M. and Maldonado Cervantes, I. and Mal'Kevich, D.
	and Malzacher, P. and Mamonov, A. and Mangotra, L. and Manko, V.
	and Manso, F. and Manzari, V. and Mao, Y. and Marchisone, M. and
	Mare\ifmmode \check{s}\else \v{s}\fi{}, J. and Margagliotti, G. V.
	and Margotti, A. and Mar\'\in, A. and Markert, C. and Martashvili,
	I. and Martinengo, P. and Mart\'\inez, M. I. and Mart\'\inez Davalos,
	A. and Mart\'\inez Garc\'\ia, G. and Martynov, Y. and Mas, A. and
	Masciocchi, S. and Masera, M. and Masoni, A. and Massacrier, L. and
	Mastromarco, M. and Mastroserio, A. and Matthews, Z. L. and Matyja,
	A. and Mayani, D. and Mazzoni, M. A. and Meddi, F. and Menchaca-Rocha,
	A. and Mendez Lorenzo, P. and Mercado P\'erez, J. and Meres, M. and
	Miake, Y. and Midori, J. and Milano, L. and Milosevic, J. and Mischke,
	A. and Mi\ifmmode \acute{s}\else \'{s}\fi{}kowiec, D. and Mitu, C.
	and Mlynarz, J. and Mohanty, B. and Mohanty, A. K. and Molnar, L.
	and Monta\~no Zetina, L. and Monteno, M. and Montes, E. and Morando,
	M. and Moreira De Godoy, D. A. and Moretto, S. and Morsch, A. and
	Muccifora, V. and Mudnic, E. and Muhuri, S. and M\"uller, H. and
	Munhoz, M. G. and Musa, L. and Musso, A. and Nagle, J. L. and Nandi,
	B. K. and Nania, R. and Nappi, E. and Nattrass, C. and Navach, F.
	and Navin, S. and Nayak, T. K. and Nazarenko, S. and Nazarov, G.
	and Nedosekin, A. and Nicassio, M. and Nielsen, B. S. and Niida,
	T. and Nikolaev, S. and Nikolic, V. and Nikulin, S. and Nikulin,
	V. and Nilsen, B. S. and Nilsson, M. S. and Noferini, F. and Nooren,
	G. and Novitzky, N. and Nyanin, A. and Nyatha, A. and Nygaard, C.
	and Nystrand, J. and Obayashi, H. and Ochirov, A. and Oeschler, H.
	and Oh, S. K. and Oleniacz, J. and Oppedisano, C. and Ortiz Velasquez,
	A. and Ortona, G. and Oskarsson, A. and Ostrowski, P. and Otwinowski,
	J. and Oyama, K. and Ozawa, K. and Pachmayer, Y. and Pachr, M. and
	Padilla, F. and Pagano, P. and Pai\ifmmode \acute{c}\else \'{c}\fi{},
	G. and Painke, F. and Pajares, C. and Pal, S. K. and Pal, S. and
	Palaha, A. and Palmeri, A. and Pappalardo, G. S. and Park, W. J.
	and Pastir\ifmmode \check{c}\else \v{c}\fi{}\'ak, B. and Patalakha,
	D. I. and Paticchio, V. and Pavlinov, A. and Pawlak, T. and Peitzmann,
	T. and Peresunko, D. and P\'erez Lara, C. E. and Perini, D. and Peryt,
	W. and Pesci, A. and Peskov, V. and Pestov, Y. and Peters, A. J.
	and Petr\'a\ifmmode \check{c}\else \v{c}\fi{}ek, V. and Petran, M.
	and Petris, M. and Petrov, P. and Petrovici, M. and Petta, C. and
	Piano, S. and Piccotti, A. and Pikna, M. and Pillot, P. and Pinazza,
	O. and Pinsky, L. and Pitz, N. and Piyarathna, D. B. and Platt, R.
	and P\l{}osko\ifmmode \acute{n}\else \'{n}\fi{}, M. and Pluta, J.
	and Pocheptsov, T. and Pochybova, S. and Podesta-Lerma, P. L. M.
	and Poghosyan, M. G. and Pol\'ak, K. and Polichtchouk, B. and Pop,
	A. and Posp\'\i\ifmmode \check{s}\else \v{s}\fi{}il, V. and Potukuchi,
	B. and Prasad, S. K. and Preghenella, R. and Prino, F. and Pruneau,
	C. A. and Pshenichnov, I. and Puddu, G. and Pulvirenti, A. and Punin,
	V. and Puti\ifmmode \check{s}\else \v{s}\fi{}, M. and Putschke, J.
	and Qvigstad, H. and Rachevski, A. and Rademakers, A. and Radomski,
	S. and R\"aih\"a, T. S. and Rak, J. and Rakotozafindrabe, A. and
	Ramello, L. and Ram\'\irez Reyes, A. and Rammler, M. and Raniwala,
	R. and Raniwala, S. and R\"as\"anen, S. S. and Rathee, D. and Read,
	K. F. and Real, J. S. and Redlich, K. and Reichelt, P. and Reicher,
	M. and Renfordt, R. and Reolon, A. R. and Reshetin, A. and Rettig,
	F. and Revol, J.-P. and Reygers, K. and Ricaud, H. and Riccati, L.
	and Ricci, R. A. and Richter, M. and Riedler, P. and Riegler, W.
	and Riggi, F. and Rodr\'\iguez Cahuantzi, M. and Rohr, D. and R\"ohrich,
	D. and Romita, R. and Ronchetti, F. and Rosinsk\'y, P. and Rosnet,
	P. and Rossegger, S. and Rossi, A. and Roukoutakis, F. and Rousseau,
	S. and Roy, P. and Roy, C. and Rubio Montero, A. J. and Rui, R. and
	Ryabinkin, E. and Rybicki, A. and Sadovsky, S. and \ifmmode \check{S}\else
	\v{S}\fi{}afa\ifmmode \check{r}\else \v{r}\fi{}\'\ik, K. and Sahoo,
	R. and Sahu, P. K. and Saiz, P. and Sakaguchi, H. and Sakai, S. and
	Sakata, D. and Salgado, C. A. and Sambyal, S. and Samsonov, V. and
	Sanchez Castro, X. and \ifmmode \check{S}\else \v{S}\fi{}\'andor,
	L. and Sandoval, A. and Sano, S. and Sano, M. and Santo, R. and Santoro,
	R. and Sarkamo, J. and Saturnini, P. and Scapparone, E. and Scarlassara,
	F. and Scharenberg, R. P. and Schiaua, C. and Schicker, R. and Schmidt,
	C. and Schmidt, H. R. and Schreiner, S. and Schuchmann, S. and Schukraft,
	J. and Schutz, Y. and Schwarz, K. and Schweda, K. and Scioli, G.
	and Scomparin, E. and Scott, R. and Scott, P. A. and Segato, G. and
	Selyuzhenkov, I. and Senyukov, S. and Serci, S. and Serradilla, E.
	and Sevcenco, A. and Sgura, I. and Shabratova, G. and Shahoyan, R.
	and Sharma, S. and Sharma, N. and Shigaki, K. and Shimomura, M. and
	Shtejer, K. and Sibiriak, Y. and Siciliano, M. and Sicking, E. and
	Siemiarczuk, T. and Silvermyr, D. and Simonetti, G. and Singaraju,
	R. and Singh, R. and Singha, S. and Sinha, T. and Sinha, B. C. and
	Sitar, B. and Sitta, M. and Skaali, T. B. and Skjerdal, K. and Smakal,
	R. and Smirnov, N. and Snellings, R. and S\o{}gaard, C. and Soltz,
	R. and Son, H. and Song, M. and Song, J. and Soos, C. and Soramel,
	F. and Spyropoulou-Stassinaki, M. and Srivastava, B. K. and Stachel,
	J. and Stan, I. and Stefanek, G. and Steinbeck, T. and Steinpreis,
	M. and Stenlund, E. and Steyn, G. and Stocco, D. and Stokkevag, C.
	H. and Stolpovskiy, M. and Strmen, P. and Suaide, A. A. P. and Subieta
	V\'asquez, M. A. and Sugitate, T. and Suire, C. and Sukhorukov, M.
	and \ifmmode \check{S}\else \v{S}\fi{}umbera, M. and Susa, T. and
	Symons, T. J. M. and Szanto de Toledo, A. and Szarka, I. and Szostak,
	A. and Tagridis, C. and Takahashi, J. and Tapia Takaki, J. D. and
	Tauro, A. and Tejeda Mu\~noz, G. and Telesca, A. and Terrevoli, C.
	and Th\"ader, J. and Thomas, D. and Thomas, J. H. and Tieulent, R.
	and Timmins, A. R. and Tlusty, D. and Toia, A. and Torii, H. and
	Toscano, L. and Traczyk, T. and Truesdale, D. and Trzaska, W. H.
	and Tsuji, T. and Tumkin, A. and Turrisi, R. and Turvey, A. J. and
	Tveter, T. S. and Ulery, J. and Ullaland, K. and Uras, A. and Urb\'an,
	J. and Urciuoli, G. M. and Usai, G. L. and Vajzer, M. and Vala, M.
	and Valencia Palomo, L. and Vallero, S. and van der Kolk, N. and
	Vande Vyvre, P. and van Leeuwen, M. and Vannucci, L. and Vargas,
	A. and Varma, R. and Vasileiou, M. and Vasiliev, A. and Vechernin,
	V. and Veldhoen, M. and Venaruzzo, M. and Vercellin, E. and Vergara,
	S. and Vernekohl, D. C. and Vernet, R. and Verweij, M. and Vickovic,
	L. and Viesti, G. and Vikhlyantsev, O. and Vilakazi, Z. and Villalobos
	Baillie, O. and Vinogradov, Y. and Vinogradov, A. and Vinogradov,
	L. and Virgili, T. and Viyogi, Y. P. and Vodopyanov, A. and Voloshin,
	K. and Voloshin, S. and Volpe, G. and von Haller, B. and Vranic,
	D. and \O{}vrebekk, G. and Vrl\'akov\'a, J. and Vulpescu, B. and
	Vyushin, A. and Wagner, B. and Wagner, V. and Wan, R. and Wang, Y.
	and Wang, Y. and Wang, M. and Wang, D. and Watanabe, K. and Wessels,
	J. P. and Westerhoff, U. and Wiechula, J. and Wikne, J. and Wilde,
	M. and Wilk, A. and Wilk, G. and Williams, M. C. S. and Windelband,
	B. and Xaplanteris Karampatsos, L. and Yang, H. and Yasnopolskiy,
	S. and Yi, J. and Yin, Z. and Yokoyama, H. and Yoo, I.-K. and Yoon,
	J. and Yuan, X. and Yushmanov, I. and Zabrodin, E. and Zach, C. and
	Zampolli, C. and Zaporozhets, S. and Zarochentsev, A. and Z\'avada,
	P. and Zaviyalov, N. and Zbroszczyk, H. and Zelnicek, P. and Zenin,
	A. and Zgura, I. and Zhalov, M. and Zhang, X. and Zhou, D. and Zhou,
	F. and Zhou, Y. and Zhu, X. and Zichichi, A. and Zinovjev, G. and
	Zoccarato, Y. and Zynovyev, M.},
  title = {{H}igher {H}armonic {A}nisotropic {F}low {M}easurements of {C}harged
	{P}articles in {P}b-{P}b {C}ollisions at $\sqrt{{s}_NN}=2.76\text{\,}\text{\,}\mathrm{TeV}$},
  journal = {Phys. Rev. Lett.},
  year = {2011},
  volume = {107},
  pages = {032301},
  month = {Jul},
  collaboration = {ALICE Collaboration},
  comment = {PbPb flow},
  doi = {10.1103/PhysRevLett.107.032301},
  eprint = {1105.3865},
  file = {:/Users/janrak/papers/LHC/ALICE/vn-1105.3865.pdf:PDF},
  issue = {3},
  numpages = {10},
  owner = {janrak},
  primaryclass = {nucl-ex},
  publisher = {American Physical Society},
  timestamp = {2012.01.27},
  url = {http://link.aps.org/doi/10.1103/PhysRevLett.107.032301}
}

@ARTICLE{Pochybova:2010gf,
  author = {Pochybova, Sona},
  title = {{Study of particle production from quark and gluon jets in proton-proton
	collisions}},
  journal = {J.Phys.Conf.Ser.},
  year = {2011},
  volume = {270},
  pages = {012016},
  archiveprefix = {arXiv},
  comment = {Sona quarks gluons},
  doi = {10.1088/1742-6596/270/1/012016},
  eprint = {1009.0868},
  primaryclass = {hep-ex},
  slaccitation = {%%CITATION = ARXIV:1009.0868;%%}
}

@ARTICLE{:2009dt,
  author = {Aamodt, K and others},
  title = {{First proton-proton collisions at the LHC as observed with the ALICE
	detector: Measurement of the charged particle pseudorapidity density
	at s**(1/2) = 900-GeV}},
  journal = {Eur.Phys.J.},
  year = {2010},
  volume = {C65},
  pages = {111-125},
  archiveprefix = {arXiv},
  collaboration = {ALICE Collaboration},
  comment = {first paper},
  doi = {10.1140/epjc/s10052-009-1227-4},
  eprint = {arXiv:0911.5430},
  file = {:Users/janrak/papers/LHC/ALICE/1.pdf:PDF},
  owner = {janrak},
  primaryclass = {hep-ex},
  timestamp = {2010.12.30}
}

@ARTICLE{:2010ys,
  author = {Aamodt, K and others},
  title = {{Alignment of the ALICE Inner Tracking System with cosmic- ray tracks}},
  journal = {JINST},
  year = {2010},
  volume = {5},
  pages = {P03003},
  archiveprefix = {arXiv},
  collaboration = {ALICE},
  doi = {10.1088/1748-0221/5/03/P03003},
  eprint = {1001.0502},
  primaryclass = {physics.ins-det},
  slaccitation = {%%CITATION = 1001.0502;%%}
}

@ARTICLE{Aamodt:2010dx,
  author = {Aamodt, Authors:: K. and others},
  title = {{Midrapidity antiproton-to-proton ratio in pp collisions at $\sqrt{s}
	= 0.9$ and $7$~TeV measured by the ALICE experiment}},
  journal = {Phys.Rev.Lett.},
  year = {2010},
  volume = {105},
  pages = {072002},
  archiveprefix = {arXiv},
  collaboration = {ALICE Collaboration},
  eprint = {arXiv:1006.5432},
  file = {:Users/janrak/papers/LHC/ALICE/pbarp-1006.5432.pdf:PDF},
  owner = {janrak},
  primaryclass = {hep-ex},
  timestamp = {2010.12.30}
}

@ARTICLE{Aamodt:2010ft,
  author = {Aamodt, K. and others},
  title = {{Charged-particle multiplicity measurement in proton-proton collisions
	at sqrt(s) = 0.9 and 2.36 TeV with ALICE at LHC}},
  journal = {Eur.Phys.J.},
  year = {2010},
  volume = {C68},
  pages = {89-108},
  archiveprefix = {arXiv},
  collaboration = {ALICE Collaboration},
  comment = {NBD fits to the multiplicity dists in pp},
  doi = {10.1140/epjc/s10052-010-1339-x},
  eprint = {arXiv:1004.3034},
  file = {:Users/janrak/papers/LHC/ALICE/ChMult_1004.3034.pdf:PDF},
  owner = {janrak},
  primaryclass = {hep-ex},
  timestamp = {2010.12.30}
}

@ARTICLE{Aamodt:2010jj,
  author = {Aamodt, K and others},
  title = {{Two-pion Bose-Einstein correlations in pp collisions at sqrt(s)=900
	GeV}},
  journal = {Phys. Rev. D},
  year = {2010},
  volume = {82},
  pages = {052001},
  archiveprefix = {arXiv},
  collaboration = {ALICE Collaboration},
  eprint = {arXiv:1007.0516},
  file = {:Users/janrak/papers/LHC/ALICE/HBT_1007.0516.pdf:PDF},
  owner = {janrak},
  primaryclass = {hep-th},
  timestamp = {2010.12.30}
}

@ARTICLE{Aamodt:2010my,
  author = {Aamodt, K and others},
  title = {{Transverse momentum spectra of charged particles in proton-proton
	collisions at $\sqrt{s} = 900$~GeV with ALICE at the LHC}},
  journal = {Phys. Lett.},
  year = {2010},
  volume = {B693},
  pages = {53-68},
  archiveprefix = {arXiv},
  collaboration = {ALICE},
  comment = {900 GeV spectra power law exponent n=6.63+-0.12},
  doi = {10.1016/j.physletb.2010.08.026},
  eprint = {1007.0719},
  file = {:Users/janrak/papers/LHC/ALICE/Spectra900_1007.0719.pdf:PDF},
  owner = {janrak},
  primaryclass = {hep-ex},
  slaccitation = {%%CITATION = 1007.0719;%%},
  timestamp = {2010.12.30}
}

@ARTICLE{Aamodt:2010pa,
  author = {Aamodt, K. and others},
  title = {{E}lliptic {F}low of {C}harged {P}articles in {P}b-{P}b {C}ollisions
	at $\sqrt{s_NN}=2.76\,\,{T}e{V}$},
  journal = {Phys. Rev. Lett.},
  year = {2010},
  volume = {105},
  pages = {252302},
  number = {25},
  month = {Dec},
  collaboration = {ALICE Collaboration},
  comment = {PbPb flow},
  doi = {10.1103/PhysRevLett.105.252302},
  eprint = {1011.3914},
  file = {:Users/janrak/papers/LHC/ALICE/v2_1011.3914v1.pdf:PDF},
  numpages = {11},
  primaryclass = {nucl-ex},
  publisher = {American Physical Society}
}

@ARTICLE{Aamodt:2010pb,
  author = {Aamodt, K. and others},
  title = {{C}harged-{P}article {M}ultiplicity {D}ensity at {M}idrapidity in
	{C}entral {P}b-{P}b {C}ollisions at $\sqrt{s_NN}=2.76\,\,{T}e{V}$},
  journal = {Phys. Rev. Lett.},
  year = {2010},
  volume = {105},
  pages = {252301},
  number = {25},
  month = {Dec},
  collaboration = {ALICE Collaboration},
  comment = {PbPb multiplicity},
  doi = {10.1103/PhysRevLett.105.252301},
  eprint = {1011.3916},
  file = {:Users/janrak/papers/LHC/ALICE/PbPb/NCh_1011.3916v1.pdf:PDF},
  numpages = {11},
  primaryclass = {nucl-ex},
  publisher = {American Physical Society}
}

@ARTICLE{Aamodt:2010pp,
  author = {Aamodt, K. and others},
  title = {{Charged-particle multiplicity measurement in proton-proton collisions
	at sqrt(s) = 7 TeV with ALICE at LHC}},
  journal = {Eur.Phys.J.},
  year = {2010},
  volume = {C68},
  pages = {345-354},
  archiveprefix = {arXiv},
  collaboration = {ALICE Collaboration},
  comment = {multiplicity in pp},
  doi = {10.1140/epjc/s10052-010-1350-2},
  eprint = {arXiv:1004.3514},
  file = {:Users/janrak/papers/LHC/ALICE/ChMult_7TEV_1004.3514.pdf:PDF},
  owner = {janrak},
  primaryclass = {hep-ex},
  timestamp = {2010.12.30}
}

@ARTICLE{Cavicchioli:2010zz,
  author = {Cavicchioli, C.},
  title = {{The ALICE Silicon Pixel Detector: Commissioning and performance
	optimization}},
  journal = {JINST},
  year = {2010},
  volume = {5},
  pages = {C12001},
  collaboration = {ALICE},
  doi = {10.1088/1748-0221/5/12/C12001},
  slaccitation = {%%CITATION = JINST,5,C12001;%%}
}

@ARTICLE{Muller:2010zzc,
  author = {Muller, Hans and Awes, Terry C. and Novitzky, Norbert and Kral, Jiri
	and Rak, Jan and others},
  title = {{Hierarchical trigger of the ALICE calorimeters}},
  journal = {Nucl.Instrum.Meth.},
  year = {2010},
  volume = {A617},
  pages = {344-347},
  comment = {TRU},
  doi = {10.1016/j.nima.2009.06.097},
  owner = {janrak},
  timestamp = {2010.10.28}
}

@ARTICLE{Nicassio:2010zz,
  author = {Nicassio, M.},
  title = {{First physics measurements with ALICE at LHC: Charged- particle
	pseudorapidity density with the silicon pixel detector}},
  journal = {Nuovo Cim.},
  year = {2010},
  volume = {B125},
  pages = {481-488},
  collaboration = {ALICE},
  doi = {10.1393/ncb/i2010-10849-7},
  slaccitation = {%%CITATION = NUCIA,B125,481;%%}
}

@ARTICLE{Aamodt2008,
  author = {Aamodt, K and others},
  title = {{The ALICE experiment at the CERN LHC.}},
  journal = {JINST},
  year = {2008},
  volume = {3},
  pages = {S08002},
  collaboration = {ALICE},
  doi = {10.1088/1748-0221/3/08/S08002},
  owner = {janrak},
  timestamp = {2011.01.14}
}

@ARTICLE{Alessandro:2006yt,
  author = {Alessandro, G, (Ed.) and others},
  title = {{ALICE: Physics performance report, volume II}},
  journal = {J.Phys.G},
  year = {2006},
  volume = {G32},
  pages = {1295-2040},
  collaboration = {ALICE Collaboration},
  doi = {10.1088/0954-3899/32/10/001},
  file = {:/Users/janrak/papers/ALICE/Phys-perform-II.pdf:PDF},
  owner = {janrak},
  timestamp = {2011.01.14}
}

@ARTICLE{Carminati:2004fp,
  author = {Carminati, F, (Ed.) and others},
  title = {{ALICE: Physics performance report, volume I}},
  journal = {J.Phys.G},
  year = {2004},
  volume = {G30},
  pages = {1517-1763},
  collaboration = {ALICE Collaboration},
  doi = {10.1088/0954-3899/30/11/001},
  file = {:/Users/janrak/papers/ALICE/Phys-perform-I.pdf:PDF},
  owner = {janrak},
  timestamp = {2011.01.14}
}

@ARTICLE{ALICE:TDRPHOS,
  author = {Dellacasa, G. and others},
  title = {{ALICE technical design report of the photon spectrometer (PHOS)}},
  year = {1999},
  collaboration = {ALICE Collaboration},
  reportnumber = {CERN-LHCC-99-04},
  slaccitation = {%%CITATION = CERN-LHCC-99-04 ETC.;%%}
}

@comment{jabref-meta: groupsversion:3;}

@comment{jabref-meta: groupstree:
0 AllEntriesGroup:;
1 ExplicitGroup:run2010\;2\;;
1 ExplicitGroup:run2011\;2\;;
1 ExplicitGroup:pPb\;0\;ALICE:2012mj\;ALICE:2012xs\;Abelev:2012ola\;;
1 ExplicitGroup:PbPb\;0\;ALICE:2012ab\;Aamodt2012\;Aamodt:2010cz\;Aamo
dt:2010jd\;Aamodt:2010pa\;Aamodt:2010pb\;Aamodt:2011by\;Aamodt:2011mr\
;Abelev:2012ba\;Abelev:2012di\;Abelev:2012ej\;PhysRevLett.107.032301\;
PhysRevLett.109.072301\;PhysRevLett.109.112301\;PhysRevLett.109.252301
\;PhysRevLett.109.252302\;PhysRevLett.110.012301\;Wilde:2012wc\;ablev:
2013\;;
1 ExplicitGroup:pp\;0\;:2009dt\;Aamodt:2010dx\;Aamodt:2010ft\;Aamodt:2
010jj\;Aamodt:2010my\;Aamodt:2010pp\;Abelev:2012kr\;Abelev:2013ala\;Ab
elev:2013fn\;;
1 ExplicitGroup:various\;0\;:2010ys\;Cavicchioli:2010zz\;Nicassio:2010
zz\;;
1 ExplicitGroup:theo-pA\;0\;;
}

