% This file was created with JabRef 2.7.2.
% Encoding: ISO8859_1

@ARTICLE{Adcox:2000sp,
  author = {Adcox, K. and others},
  title = {{Centrality dependence of charged particle multiplicity in Au - Au
	collisions at S(NN)**(1/2) = 130-GeV}},
  journal = {Phys.Rev.Lett.},
  year = {2001},
  volume = {86},
  pages = {3500-3505},
  archiveprefix = {arXiv},
  collaboration = {PHENIX Collaboration},
  comment = {first charged density},
  doi = {10.1103/PhysRevLett.86.3500},
  eprint = {nucl-ex/0012008},
  file = {:/Users/janrak/papers/PHENIX/0012008.pdf:PDF},
  owner = {janrak},
  primaryclass = {nucl-ex},
  slaccitation = {%%CITATION = NUCL-EX/0012008;%%},
  timestamp = {2014.05.01}
}

@ARTICLE{Adcox:2001ry,
  author = {Adcox, K. and others},
  title = {{Measurement of the mid-rapidity transverse energy distribution from
	s(N N)**(1/2) = 130-GeV Au + Au collisions at RHIC}},
  journal = {Phys. Rev. Lett.},
  year = {2001},
  volume = {87},
  pages = {052301},
  archiveprefix = {arXiv},
  bdsk-url-1 = {http://dx.doi.org/10.1103/PhysRevLett.87.052301},
  collaboration = {PHENIX},
  doi = {10.1103/PhysRevLett.87.052301},
  eprint = {nucl-ex/0104015},
  file = {0104015v2.pdf:/Users/janrak/papers/PHENIX/0104015.pdf:PDF},
  slaccitation = {%%CITATION = NUCL-EX/0104015;%%}
}

@ARTICLE{Adcox:2001jp,
  author = {Adcox, K. and others},
  title = {{Suppression of hadrons with large transverse momentum in central
	Au + Au collisions at s**(1/2)(N N) = 130-GeV}},
  journal = {Phys. Rev. Lett.},
  year = {2002},
  volume = {88},
  pages = {022301},
  archiveprefix = {arXiv},
  bdsk-url-1 = {http://dx.doi.org/10.1103/PhysRevLett.88.022301},
  collaboration = {PHENIX},
  comment = {Discovery of QGP - Axel RAA},
  doi = {10.1103/PhysRevLett.88.022301},
  eprint = {nucl-ex/0109003},
  file = {0109003v2.pdf:/Users/janrak/papers/PHENIX/0109003.pdf:PDF},
  slaccitation = {%%CITATION = NUCL-EX/0109003;%%}
}

@ARTICLE{Adcox:2001mf,
  author = {Adcox, K. and others},
  title = {{Centrality dependence of pi+-, K+-, p and anti-p production from
	s(NN)**(1/2) = 130-GeV Au + Au collisions at RHIC}},
  journal = {Phys. Rev. Lett.},
  year = {2002},
  volume = {88},
  pages = {242301},
  archiveprefix = {arXiv},
  bdsk-url-1 = {http://dx.doi.org/10.1103/PhysRevLett.88.242301},
  collaboration = {PHENIX},
  doi = {10.1103/PhysRevLett.88.242301},
  eprint = {nucl-ex/0112006},
  file = {0112006v2.pdf:/Users/janrak/papers/PHENIX/0112006v2.pdf:PDF},
  slaccitation = {%%CITATION = NUCL-EX/0112006;%%}
}

@ARTICLE{Adcox:2002au,
  author = {Adcox, K. and others},
  title = {{Measurement of the Lambda and Antilambda particles in Au + Au collisions
	at s(NN)**(1/2) = 130-GeV}},
  journal = {Phys. Rev. Lett.},
  year = {2002},
  volume = {89},
  pages = {092302},
  archiveprefix = {arXiv},
  bdsk-url-1 = {http://dx.doi.org/10.1103/PhysRevLett.89.092302},
  collaboration = {PHENIX},
  doi = {10.1103/PhysRevLett.89.092302},
  eprint = {nucl-ex/0204007},
  file = {0204007v1.pdf:/Users/janrak/papers/PHENIX/0204007v1.pdf:PDF},
  slaccitation = {%%CITATION = NUCL-EX/0204007;%%}
}

@ARTICLE{Adcox:2002cg,
  author = {Adcox, K. and others},
  title = {{Measurement of single electrons and implications for charm production
	in Au + Au collisions at s(NN)**(1/2) = 130- GeV}},
  journal = {Phys. Rev. Lett.},
  year = {2002},
  volume = {88},
  pages = {192303},
  archiveprefix = {arXiv},
  bdsk-url-1 = {http://dx.doi.org/10.1103/PhysRevLett.88.192303},
  collaboration = {PHENIX},
  doi = {10.1103/PhysRevLett.88.192303},
  eprint = {nucl-ex/0202002},
  file = {0202002v2.pdf:/Users/janrak/papers/PHENIX/0202002v2.pdf:PDF},
  slaccitation = {%%CITATION = NUCL-EX/0202002;%%}
}

@ARTICLE{Adcox:2002mm,
  author = {Adcox, K. and others},
  title = {{Net charge fluctuations in Au + Au interactions at s(NN)**(1/2)
	= 130-GeV}},
  journal = {Phys. Rev. Lett.},
  year = {2002},
  volume = {89},
  pages = {082301},
  archiveprefix = {arXiv},
  bdsk-url-1 = {http://dx.doi.org/10.1103/PhysRevLett.89.082301},
  collaboration = {PHENIX},
  doi = {10.1103/PhysRevLett.89.082301},
  eprint = {nucl-ex/0203014},
  file = {0203014v1.pdf:/Users/janrak/papers/PHENIX/0203014v1.pdf:PDF},
  slaccitation = {%%CITATION = NUCL-EX/0203014;%%}
}

@ARTICLE{Adcox:2002ms,
  author = {Adcox, K. and others},
  title = {{Flow measurements via two-particle azimuthal correlations in Au
	+ Au collisions at s(NN)**(1/2) = 130-GeV}},
  journal = {Phys. Rev. Lett.},
  year = {2002},
  volume = {89},
  pages = {212301},
  archiveprefix = {arXiv},
  bdsk-url-1 = {http://dx.doi.org/10.1103/PhysRevLett.89.212301},
  collaboration = {PHENIX},
  doi = {10.1103/PhysRevLett.89.212301},
  eprint = {nucl-ex/0204005},
  file = {0204005v1.pdf:/Users/janrak/papers/PHENIX/0204005v1.pdf:PDF},
  slaccitation = {%%CITATION = NUCL-EX/0204005;%%}
}

@ARTICLE{Adcox:2002pa,
  author = {Adcox, K. and others},
  title = {{Event-by-event fluctuations in mean p(T) and mean e(T) in s(NN)**(1/2)
	= 130-GeV Au + Au collisions}},
  journal = {Phys. Rev.},
  year = {2002},
  volume = {C66},
  pages = {024901},
  archiveprefix = {arXiv},
  bdsk-url-1 = {http://dx.doi.org/10.1103/PhysRevC.66.024901},
  collaboration = {PHENIX},
  doi = {10.1103/PhysRevC.66.024901},
  eprint = {nucl-ex/0203015},
  file = {0203015v1.pdf:/Users/janrak/papers/PHENIX/0203015v1.pdf:PDF},
  slaccitation = {%%CITATION = NUCL-EX/0203015;%%}
}

@ARTICLE{Adcox:2002uc,
  author = {Adcox, K. and others},
  title = {{Transverse mass dependence of two-pion correlations in Au + Au collisions
	at s(NN)**(1/2) = 130-GeV}},
  journal = {Phys. Rev. Lett.},
  year = {2002},
  volume = {88},
  pages = {192302},
  archiveprefix = {arXiv},
  bdsk-url-1 = {http://dx.doi.org/10.1103/PhysRevLett.88.192302},
  collaboration = {PHENIX},
  doi = {10.1103/PhysRevLett.88.192302},
  eprint = {nucl-ex/0201008},
  file = {0201008v3.pdf:/Users/janrak/papers/PHENIX/0201008v3.pdf:PDF},
  slaccitation = {%%CITATION = NUCL-EX/0201008;%%}
}

@ARTICLE{Adcox:2002pe,
  author = {Adcox, K. and others},
  title = {{Centrality dependence of the high p(T) charged hadron suppression
	in Au + Au collisions at s(NN)**(1/2) = 130- GeV}},
  journal = {Phys. Lett.},
  year = {2003},
  volume = {B561},
  pages = {82-92},
  archiveprefix = {arXiv},
  bdsk-url-1 = {http://dx.doi.org/10.1016/S0370-2693(03)00423-4},
  collaboration = {PHENIX},
  doi = {10.1016/S0370-2693(03)00423-4},
  eprint = {nucl-ex/0207009},
  file = {0207009v3.pdf:/Users/janrak/papers/PHENIX/0207009v3.pdf:PDF},
  slaccitation = {%%CITATION = NUCL-EX/0207009;%%}
}

@ARTICLE{Adler:2003ii,
  author = {Adler, Stephen Scott and others},
  title = {{Absence of suppression in particle production at large transverse
	momentum in s(NN)**(1/2) = 200-GeV d + Au collisions}},
  journal = {Phys. Rev. Lett.},
  year = {2003},
  volume = {91},
  pages = {072303},
  archiveprefix = {arXiv},
  bdsk-url-1 = {http://dx.doi.org/10.1103/PhysRevLett.91.072303},
  collaboration = {PHENIX},
  doi = {10.1103/PhysRevLett.91.072303},
  eprint = {nucl-ex/0306021},
  file = {0306021v3.pdf:/Users/janrak/papers/PHENIX/0306021.pdf:PDF},
  slaccitation = {%%CITATION = NUCL-EX/0306021;%%}
}

@ARTICLE{Adler:2003kg,
  author = {Adler, Stephen Scott and others},
  title = {{Scaling properties of proton and anti-proton production in s(NN)**(1/2)
	= 200-GeV Au + Au collisions}},
  journal = {Phys. Rev. Lett.},
  year = {2003},
  volume = {91},
  pages = {172301},
  archiveprefix = {arXiv},
  bdsk-url-1 = {http://dx.doi.org/10.1103/PhysRevLett.91.172301},
  collaboration = {PHENIX},
  doi = {10.1103/PhysRevLett.91.172301},
  eprint = {nucl-ex/0305036},
  file = {0305036v3.pdf:/Users/janrak/papers/PHENIX/0305036v3.pdf:PDF},
  slaccitation = {%%CITATION = NUCL-EX/0305036;%%}
}

@ARTICLE{Adler:2003kt,
  author = {Adler, Stephen Scott and others},
  title = {{Elliptic flow of identified hadrons in Au + Au collisions at s(NN)**(1/2)
	= 200-GeV}},
  journal = {Phys. Rev. Lett.},
  year = {2003},
  volume = {91},
  pages = {182301},
  archiveprefix = {arXiv},
  bdsk-url-1 = {http://dx.doi.org/10.1103/PhysRevLett.91.182301},
  collaboration = {PHENIX},
  doi = {10.1103/PhysRevLett.91.182301},
  eprint = {nucl-ex/0305013},
  file = {0305013v2.pdf:/Users/janrak/papers/PHENIX/0305013v2.pdf:PDF},
  slaccitation = {%%CITATION = NUCL-EX/0305013;%%}
}

@ARTICLE{Adler:2003pb,
  author = {Adler, Stephen Scott and others},
  title = {{Mid-rapidity neutral pion production in proton proton collisions
	at s**(1/2) = 200-GeV}},
  journal = {Phys. Rev. Lett.},
  year = {2003},
  volume = {91},
  pages = {241803},
  archiveprefix = {arXiv},
  bdsk-url-1 = {http://dx.doi.org/10.1103/PhysRevLett.91.241803},
  collaboration = {PHENIX},
  doi = {10.1103/PhysRevLett.91.241803},
  eprint = {hep-ex/0304038},
  file = {0304038v2.pdf:/Users/janrak/papers/PHENIX/0304038v2.pdf:PDF},
  slaccitation = {%%CITATION = HEP-EX/0304038;%%}
}

@ARTICLE{Adler:2003qi,
  author = {Adler, Stephen Scott and others},
  title = {{Suppressed pi0 production at large transverse momentum in central
	Au + Au collisions at s(NN)**(1/2) = 200-GeV}},
  journal = {Phys. Rev. Lett.},
  year = {2003},
  volume = {91},
  pages = {072301},
  archiveprefix = {arXiv},
  bdsk-url-1 = {http://dx.doi.org/10.1103/PhysRevLett.91.072301},
  collaboration = {PHENIX},
  doi = {10.1103/PhysRevLett.91.072301},
  eprint = {nucl-ex/0304022},
  file = {0304022v1.pdf:/Users/janrak/papers/PHENIX/0304022.pdf:PDF},
  slaccitation = {%%CITATION = NUCL-EX/0304022;%%}
}

@ARTICLE{Adcox:2003nr,
  author = {Adcox, K. and others},
  title = {{Single identified hadron spectra from s(NN)**1/2 = 130-GeV Au +
	Au collisions}},
  journal = {Phys. Rev.},
  year = {2004},
  volume = {C69},
  pages = {024904},
  archiveprefix = {arXiv},
  bdsk-url-1 = {http://dx.doi.org/10.1103/PhysRevC.69.024904},
  collaboration = {PHENIX},
  doi = {10.1103/PhysRevC.69.024904},
  eprint = {nucl-ex/0307010},
  file = {0307010v1.pdf:/Users/janrak/papers/PHENIX/0307010v1.pdf:PDF},
  slaccitation = {%%CITATION = NUCL-EX/0307010;%%}
}

@ARTICLE{Adler:2003au,
  author = {Adler, Stephen Scott and others},
  title = {{High-p(T) charged hadron suppression in Au + Au collisions at s(NN)**(1/2)
	= 200-GeV}},
  journal = {Phys. Rev.},
  year = {2004},
  volume = {C69},
  pages = {034910},
  archiveprefix = {arXiv},
  bdsk-url-1 = {http://dx.doi.org/10.1103/PhysRevC.69.034910},
  collaboration = {PHENIX},
  doi = {10.1103/PhysRevC.69.034910},
  eprint = {nucl-ex/0308006},
  file = {0308006v2.pdf:/Users/janrak/papers/PHENIX/0308006v2.pdf:PDF},
  slaccitation = {%%CITATION = NUCL-EX/0308006;%%}
}

@ARTICLE{Adler:2003cb,
  author = {Adler, Stephen Scott and others},
  title = {{Identified charged particle spectra and yields in Au + Au collisions
	at s(NN)**(1/2) = 200-GeV}},
  journal = {Phys. Rev.},
  year = {2004},
  volume = {C69},
  pages = {034909},
  archiveprefix = {arXiv},
  bdsk-url-1 = {http://dx.doi.org/10.1103/PhysRevC.69.034909},
  collaboration = {PHENIX},
  doi = {10.1103/PhysRevC.69.034909},
  eprint = {nucl-ex/0307022},
  file = {0307022v1.pdf:/Users/janrak/papers/PHENIX/0307022v1.pdf:PDF},
  slaccitation = {%%CITATION = NUCL-EX/0307022;%%},
  timestamp = {2014.05.01}
}

@ARTICLE{Adler:2003qs,
  author = {Adler, Stephen Scott and others},
  title = {{J/psi production from proton proton collisions at s**(1/2) = 200-GeV}},
  journal = {Phys. Rev. Lett.},
  year = {2004},
  volume = {92},
  pages = {051802},
  archiveprefix = {arXiv},
  bdsk-url-1 = {http://dx.doi.org/10.1103/PhysRevLett.92.051802},
  collaboration = {PHENIX},
  doi = {10.1103/PhysRevLett.92.051802},
  eprint = {hep-ex/0307019},
  file = {0307019v1.pdf:/Users/janrak/papers/PHENIX/0307019v1.pdf:PDF},
  slaccitation = {%%CITATION = HEP-EX/0307019;%%}
}

@ARTICLE{Adler:2003rc,
  author = {Adler, Stephen Scott and others},
  title = {{J/psi production in Au Au collisions at s(NN)**(1/2) = 200-GeV at
	the Relativistic Heavy Ion Collider}},
  journal = {Phys. Rev.},
  year = {2004},
  volume = {C69},
  pages = {014901},
  archiveprefix = {arXiv},
  bdsk-url-1 = {http://dx.doi.org/10.1103/PhysRevC.69.014901},
  collaboration = {PHENIX},
  doi = {10.1103/PhysRevC.69.014901},
  eprint = {nucl-ex/0305030},
  file = {0305030v2.pdf:/Users/janrak/papers/PHENIX/0305030v2.pdf:PDF},
  slaccitation = {%%CITATION = NUCL-EX/0305030;%%}
}

@ARTICLE{Adler:2003xq,
  author = {Adler, Stephen Scott and others},
  title = {{Measurement of non-random event-by-event fluctuations of average
	transverse momentum in s**(1/2) = 200-GeV Au + Au and p + p collisions}},
  journal = {Phys. Rev. Lett.},
  year = {2004},
  volume = {93},
  pages = {092301},
  archiveprefix = {arXiv},
  bdsk-url-1 = {http://dx.doi.org/10.1103/PhysRevLett.93.092301},
  collaboration = {PHENIX},
  doi = {10.1103/PhysRevLett.93.092301},
  eprint = {nucl-ex/0310005},
  file = {0310005v2.pdf:/Users/janrak/papers/PHENIX/0310005v2.pdf:PDF},
  slaccitation = {%%CITATION = NUCL-EX/0310005;%%}
}

@ARTICLE{Adler:2004ps,
  author = {Adler, Stephen Scott and others},
  title = {{Double helicity asymmetry in inclusive mid-rapidity pi0 production
	for polarized p + p collisions at s**(1/2) = 200-GeV}},
  journal = {Phys. Rev. Lett.},
  year = {2004},
  volume = {93},
  pages = {202002},
  archiveprefix = {arXiv},
  bdsk-url-1 = {http://dx.doi.org/10.1103/PhysRevLett.93.202002},
  collaboration = {PHENIX},
  doi = {10.1103/PhysRevLett.93.202002},
  eprint = {hep-ex/0404027},
  file = {0404027v1.pdf:/Users/janrak/papers/PHENIX/0404027v1.pdf:PDF},
  slaccitation = {%%CITATION = HEP-EX/0404027;%%}
}

@ARTICLE{Adler:2004rq,
  author = {Adler, Stephen Scott and others},
  title = {{Bose-Einstein correlations of charged pion pairs in Au + Au collisions
	at s(NN)**(1/2) = 200-GeV}},
  journal = {Phys. Rev. Lett.},
  year = {2004},
  volume = {93},
  pages = {152302},
  archiveprefix = {arXiv},
  bdsk-url-1 = {http://dx.doi.org/10.1103/PhysRevLett.93.152302},
  collaboration = {PHENIX},
  doi = {10.1103/PhysRevLett.93.152302},
  eprint = {nucl-ex/0401003},
  file = {0401003v1.pdf:/Users/janrak/papers/PHENIX/0401003v1.pdf:PDF},
  slaccitation = {%%CITATION = NUCL-EX/0401003;%%}
}

@ARTICLE{Adcox:2004mh,
  author = {Adcox, K. and others},
  title = {{Formation of dense partonic matter in relativistic nucleus nucleus
	collisions at RHIC: Experimental evaluation by the PHENIX collaboration}},
  journal = {Nucl. Phys.},
  year = {2005},
  volume = {A757},
  pages = {184-283},
  archiveprefix = {arXiv},
  bdsk-url-1 = {http://dx.doi.org/10.1016/j.nuclphysa.2005.03.086},
  collaboration = {PHENIX},
  comment = {white paper},
  doi = {10.1016/j.nuclphysa.2005.03.086},
  eprint = {nucl-ex/0410003},
  file = {:/Users/janrak/papers/QGP_bibles/white_paper/PHENIX_White_paper_0410003.pdf:PDF},
  slaccitation = {%%CITATION = NUCL-EX/0410003;%%}
}

@ARTICLE{Adler:2004cj,
  author = {Adler, Stephen Scott and others},
  title = {{Saturation of azimuthal anisotropy in Au + Au collisions at s(NN)**(1/2)
	= 62-GeV - 200-GeV}},
  journal = {Phys. Rev. Lett.},
  year = {2005},
  volume = {94},
  pages = {232302},
  archiveprefix = {arXiv},
  bdsk-url-1 = {http://dx.doi.org/10.1103/PhysRevLett.94.232302},
  collaboration = {PHENIX},
  doi = {10.1103/PhysRevLett.94.232302},
  eprint = {nucl-ex/0411040},
  file = {0411040v1.pdf:/Users/janrak/papers/PHENIX/0411040v1.pdf:PDF},
  slaccitation = {%%CITATION = NUCL-EX/0411040;%%}
}

@ARTICLE{Adler:2004eh,
  author = {Adler, Stephen Scott and others},
  title = {{Nuclear modification factors for hadrons at forward and backward
	rapidities in deuteron gold collisions at s(NN)**(1/2) = 200-GeV}},
  journal = {Phys. Rev. Lett.},
  year = {2005},
  volume = {94},
  pages = {082302},
  archiveprefix = {arXiv},
  bdsk-url-1 = {http://dx.doi.org/10.1103/PhysRevLett.94.082302},
  collaboration = {PHENIX},
  doi = {10.1103/PhysRevLett.94.082302},
  eprint = {nucl-ex/0411054},
  file = {0411054v2.pdf:/Users/janrak/papers/PHENIX/0411054v2.pdf:PDF},
  slaccitation = {%%CITATION = NUCL-EX/0411054;%%}
}

@ARTICLE{Adler:2004hv,
  author = {Adler, Stephen Scott and others},
  title = {{Production of Phi mesons at mid-rapidity in s**(1/2)(NN) = 200-GeV
	Au + Au collisions at RHIC}},
  journal = {Phys. Rev.},
  year = {2005},
  volume = {C72},
  pages = {014903},
  archiveprefix = {arXiv},
  bdsk-url-1 = {http://dx.doi.org/10.1103/PhysRevC.72.014903},
  collaboration = {PHENIX},
  doi = {10.1103/PhysRevC.72.014903},
  eprint = {nucl-ex/0410012},
  file = {0410012v1.pdf:/Users/janrak/papers/PHENIX/0410012v1.pdf:PDF},
  slaccitation = {%%CITATION = NUCL-EX/0410012;%%}
}

@ARTICLE{Adler:2004ta,
  author = {Adler, Stephen Scott and others},
  title = {{Centrality dependence of charm production from single electrons
	measurement in Au + Au collisions at s(NN)**(1/2) = 200-GeV}},
  journal = {Phys. Rev. Lett.},
  year = {2005},
  volume = {94},
  pages = {082301},
  archiveprefix = {arXiv},
  bdsk-url-1 = {http://dx.doi.org/10.1103/PhysRevLett.94.082301},
  collaboration = {PHENIX},
  doi = {10.1103/PhysRevLett.94.082301},
  eprint = {nucl-ex/0409028},
  file = {0409028v1.pdf:/Users/janrak/papers/PHENIX/0409028v1.pdf:PDF},
  slaccitation = {%%CITATION = NUCL-EX/0409028;%%}
}

@ARTICLE{Adler:2004uy,
  author = {Adler, Stephen Scott and others},
  title = {{Deuteron and antideuteron production in Au + Au collisions at s(NN)**(1/2)
	= 200-GeV}},
  journal = {Phys. Rev. Lett.},
  year = {2005},
  volume = {94},
  pages = {122302},
  archiveprefix = {arXiv},
  bdsk-url-1 = {http://dx.doi.org/10.1103/PhysRevLett.94.122302},
  collaboration = {PHENIX},
  doi = {10.1103/PhysRevLett.94.122302},
  eprint = {nucl-ex/0406004},
  file = {0406004v1.pdf:/Users/janrak/papers/PHENIX/0406004v1.pdf:PDF},
  slaccitation = {%%CITATION = NUCL-EX/0406004;%%}
}

@ARTICLE{Adler:2004zd,
  author = {Adler, Stephen Scott and others},
  title = {{Jet structure of baryon excess in Au + Au collisions at s(NN)**(1/2)
	= 200-GeV}},
  journal = {Phys. Rev.},
  year = {2005},
  volume = {C71},
  pages = {051902},
  archiveprefix = {arXiv},
  bdsk-url-1 = {http://dx.doi.org/10.1103/PhysRevC.71.051902},
  collaboration = {PHENIX},
  doi = {10.1103/PhysRevC.71.051902},
  eprint = {nucl-ex/0408007},
  file = {0408007v1.pdf:/Users/janrak/papers/PHENIX/0408007v1.pdf:PDF},
  slaccitation = {%%CITATION = NUCL-EX/0408007;%%}
}

@ARTICLE{Adler:2004zn,
  author = {Adler, Stephen Scott and others},
  title = {{Systematic studies of the centrality and s(NN)**(1/2) dependence
	of dE(T)/d mu and d N(ch)/d mu in heavy ion collisions at mid-rapidity}},
  journal = {Phys. Rev.},
  year = {2005},
  volume = {C71},
  pages = {034908},
  archiveprefix = {arXiv},
  bdsk-url-1 = {http://dx.doi.org/10.1103/PhysRevC.71.034908},
  collaboration = {PHENIX},
  doi = {10.1103/PhysRevC.71.034908},
  eprint = {nucl-ex/0409015},
  file = {0409015v1.pdf:/Users/janrak/papers/PHENIX/0409015v1.pdf:PDF},
  slaccitation = {%%CITATION = NUCL-EX/0409015;%%}
}

@ARTICLE{Adler:2005ab,
  author = {Adler, Stephen Scott and others},
  title = {{Measurement of single electron event anisotropy in Au + Au collisions
	at s(NN)**(1/2) = 200-GeV}},
  journal = {Phys. Rev.},
  year = {2005},
  volume = {C72},
  pages = {024901},
  archiveprefix = {arXiv},
  bdsk-url-1 = {http://dx.doi.org/10.1103/PhysRevC.72.024901},
  collaboration = {PHENIX},
  doi = {10.1103/PhysRevC.72.024901},
  eprint = {nucl-ex/0502009},
  file = {0502009v1.pdf:/Users/janrak/papers/PHENIX/0502009v1.pdf:PDF},
  slaccitation = {%%CITATION = NUCL-EX/0502009;%%}
}

@ARTICLE{Adler:2005ig,
  author = {Adler, Stephen Scott and others},
  title = {{Centrality dependence of direct photon production in s(NN)**(1/2)
	= 200-GeV Au + Au collisions}},
  journal = {Phys. Rev. Lett.},
  year = {2005},
  volume = {94},
  pages = {232301},
  archiveprefix = {arXiv},
  bdsk-url-1 = {http://dx.doi.org/10.1103/PhysRevLett.94.232301},
  collaboration = {PHENIX},
  doi = {10.1103/PhysRevLett.94.232301},
  eprint = {nucl-ex/0503003},
  file = {0503003v1.pdf:/Users/janrak/papers/PHENIX/0503003v1.pdf:PDF},
  slaccitation = {%%CITATION = NUCL-EX/0503003;%%}
}

@ARTICLE{Adler:2005in,
  author = {Adler, Stephen Scott and others},
  title = {{Measurement of transverse single-spin asymmetries for mid- rapidity
	production of neutral pions and charged hadrons in polarized p +
	p collisions at s**(1/2) = 200-GeV}},
  journal = {Phys. Rev. Lett.},
  year = {2005},
  volume = {95},
  pages = {202001},
  archiveprefix = {arXiv},
  bdsk-url-1 = {http://dx.doi.org/10.1103/PhysRevLett.95.202001},
  collaboration = {PHENIX},
  doi = {10.1103/PhysRevLett.95.202001},
  eprint = {hep-ex/0507073},
  file = {0507073v1.pdf:/Users/janrak/papers/PHENIX/0507073v1.pdf:PDF},
  slaccitation = {%%CITATION = HEP-EX/0507073;%%}
}

@ARTICLE{Adler:2005qk,
  author = {Adler, Stephen Scott and others},
  title = {{Mid-rapidity direct-photon production in p + p collisions at s**(1/2)
	= 200-GeV}},
  journal = {Phys. Rev.},
  year = {2005},
  volume = {D71},
  pages = {071102},
  archiveprefix = {arXiv},
  bdsk-url-1 = {http://dx.doi.org/10.1103/PhysRevD.71.071102},
  collaboration = {PHENIX},
  doi = {10.1103/PhysRevD.71.071102},
  eprint = {hep-ex/0502006},
  file = {0502006v1.pdf:/Users/janrak/papers/PHENIX/0502006v1.pdf:PDF},
  slaccitation = {%%CITATION = HEP-EX/0502006;%%}
}

@ARTICLE{Adare:2006hc,
  author = {Adare, A. and others},
  title = {{Measurement of high-p(T) single electrons from heavy- flavor decays
	in p + p collisions at s**(1/2) = 200-GeV}},
  journal = {Phys. Rev. Lett.},
  year = {2006},
  volume = {97},
  pages = {252002},
  archiveprefix = {arXiv},
  bdsk-url-1 = {http://dx.doi.org/10.1103/PhysRevLett.97.252002},
  collaboration = {PHENIX},
  doi = {10.1103/PhysRevLett.97.252002},
  eprint = {hep-ex/0609010},
  file = {0609010v1.pdf:/Users/janrak/papers/PHENIX/0609010v1.pdf:PDF},
  slaccitation = {%%CITATION = HEP-EX/0609010;%%}
}

@ARTICLE{Adler:2005ad,
  author = {Adler, Stephen Scott and others},
  title = {{Jet structure from dihadron correlations in d + Au collisions at
	s(NN)**(1/2) = 200-GeV}},
  journal = {Phys. Rev.},
  year = {2006},
  volume = {C73},
  pages = {054903},
  archiveprefix = {arXiv},
  collaboration = {PHENIX},
  comment = {ppg039},
  doi = {10.1103/PhysRevC.73.054903},
  eprint = {nucl-ex/0510021},
  file = {0510021.pdf:/Users/janrak/papers/ppg039/0510021.pdf:PDF},
  owner = {janrak},
  slaccitation = {%%CITATION = NUCL-EX/0510021;%%},
  timestamp = {2014.05.01}
}

@ARTICLE{Adler:2005ee,
  author = {Adler, Stephen Scott and others},
  title = {{Modifications to di-jet hadron pair correlations in Au + Au collisions
	at s(NN)**(1/2) = 200-GeV}},
  journal = {Phys. Rev. Lett.},
  year = {2006},
  volume = {97},
  pages = {052301},
  archiveprefix = {arXiv},
  bdsk-url-1 = {http://dx.doi.org/10.1103/PhysRevLett.97.052301},
  collaboration = {PHENIX},
  doi = {10.1103/PhysRevLett.97.052301},
  eprint = {nucl-ex/0507004},
  file = {0507004v1.pdf:/Users/janrak/papers/PHENIX/0507004v1.pdf:PDF},
  slaccitation = {%%CITATION = NUCL-EX/0507004;%%}
}

@ARTICLE{Adler:2005fy,
  author = {Adler, Stephen Scott and others},
  title = {{Single electrons from heavy flavor decays in p + p collisions at
	s**(1/2) = 200-GeV}},
  journal = {Phys. Rev. Lett.},
  year = {2006},
  volume = {96},
  pages = {032001},
  archiveprefix = {arXiv},
  bdsk-url-1 = {http://dx.doi.org/10.1103/PhysRevLett.96.032001},
  collaboration = {PHENIX},
  doi = {10.1103/PhysRevLett.96.032001},
  eprint = {hep-ex/0508034},
  file = {0508034v1.pdf:/Users/janrak/papers/PHENIX/0508034v1.pdf:PDF},
  slaccitation = {%%CITATION = HEP-EX/0508034;%%}
}

@ARTICLE{Adler:2005ph,
  author = {Adler, Stephen Scott and others},
  title = {{J/psi production and nuclear effects for d + Au and p + p collisions
	at s(NN)**(1/2) = 200-GeV}},
  journal = {Phys. Rev. Lett.},
  year = {2006},
  volume = {96},
  pages = {012304},
  archiveprefix = {arXiv},
  bdsk-url-1 = {http://dx.doi.org/10.1103/PhysRevLett.96.012304},
  collaboration = {PHENIX},
  doi = {10.1103/PhysRevLett.96.012304},
  eprint = {nucl-ex/0507032},
  file = {0507032v2.pdf:/Users/janrak/papers/PHENIX/0507032v2.pdf:PDF},
  slaccitation = {%%CITATION = NUCL-EX/0507032;%%}
}

@ARTICLE{Adler:2005rg,
  author = {Adler, Stephen Scott and others},
  title = {{Measurement of identified pi0 and inclusive photon v(2) and implication
	to the direct photon production in s(NN)**(1/2) = 200-GeV Au + Au
	collisions}},
  journal = {Phys. Rev. Lett.},
  year = {2006},
  volume = {96},
  pages = {032302},
  archiveprefix = {arXiv},
  bdsk-url-1 = {http://dx.doi.org/10.1103/PhysRevLett.96.032302},
  collaboration = {PHENIX},
  doi = {10.1103/PhysRevLett.96.032302},
  eprint = {nucl-ex/0508019},
  file = {0508019v3.pdf:/Users/janrak/papers/PHENIX/0508019v3.pdf:PDF},
  slaccitation = {%%CITATION = NUCL-EX/0508019;%%}
}

@ARTICLE{Adler:2005xv,
  author = {Adler, Stephen Scott and others},
  title = {{Nuclear modification of electron spectra and implications for heavy
	quark energy loss in Au + Au collisions at s(NN)**(1/2) = 200-GeV}},
  journal = {Phys. Rev. Lett.},
  year = {2006},
  volume = {96},
  pages = {032301},
  archiveprefix = {arXiv},
  bdsk-url-1 = {http://dx.doi.org/10.1103/PhysRevLett.96.032301},
  collaboration = {PHENIX},
  doi = {10.1103/PhysRevLett.96.032301},
  eprint = {nucl-ex/0510047},
  file = {0510047v1.pdf:/Users/janrak/papers/PHENIX/0510047v1.pdf:PDF},
  slaccitation = {%%CITATION = NUCL-EX/0510047;%%}
}

@ARTICLE{Adler:2006bd,
  author = {Adler, Stephen Scott and others},
  title = {{Improved measurement of double helicity asymmetry in inclusive midrapidity
	pi0 production for polarized p + p collisions at s**(1/2) = 1200-GeV}},
  journal = {Phys. Rev.},
  year = {2006},
  volume = {D73},
  pages = {091102},
  archiveprefix = {arXiv},
  bdsk-url-1 = {http://dx.doi.org/10.1103/PhysRevD.73.091102},
  collaboration = {PHENIX},
  doi = {10.1103/PhysRevD.73.091102},
  eprint = {hep-ex/0602004},
  file = {0404027v1.pdf:/Users/janrak/papers/PHENIX/0404027v1.pdf:PDF},
  slaccitation = {%%CITATION = HEP-EX/0602004;%%}
}

@ARTICLE{Adler:2006hi,
  author = {Adler, Stephen Scott and others},
  title = {{Azimuthal angle correlations for rapidity separated hadron pairs
	in d + Au collisions at s(NN)**(1/2) = 200-GeV}},
  journal = {Phys. Rev. Lett.},
  year = {2006},
  volume = {96},
  pages = {222301},
  archiveprefix = {arXiv},
  bdsk-url-1 = {http://dx.doi.org/10.1103/PhysRevLett.96.222301},
  collaboration = {PHENIX},
  doi = {10.1103/PhysRevLett.96.222301},
  eprint = {nucl-ex/0603017},
  file = {0603017v1.pdf:/Users/janrak/papers/PHENIX/0603017v1.pdf:PDF},
  slaccitation = {%%CITATION = NUCL-EX/0603017;%%}
}

@ARTICLE{Adler:2006hu,
  author = {Adler, Stephen Scott and others},
  title = {{Common suppression pattern of eta and pi0 mesons at high transverse
	momentum in Au+Au collisions at S(NN)**(1/2) = 200-GeV}},
  journal = {Phys.Rev.Lett.},
  year = {2006},
  volume = {96},
  pages = {202301},
  archiveprefix = {arXiv},
  collaboration = {PHENIX Collaboration},
  doi = {10.1103/PhysRevLett.96.202301},
  eprint = {nucl-ex/0601037},
  file = {:Users/janrak/papers/PHENIX/0601037.pdf:PDF},
  owner = {janrak},
  primaryclass = {nucl-ex},
  timestamp = {2014.05.01}
}

@ARTICLE{Adler:2006sc,
  author = {Adler, S. S. and others},
  title = {{J}et properties from dihadron correlations in p + p collisions at
	s**(1/2) = 200-{G}e{V}},
  journal = {Phys. Rev.},
  year = {2006},
  volume = {D74},
  pages = {072002},
  collaboration = {PHENIX},
  comment = {PHENIX long ppg029},
  doi = {10.1103/PhysRevD.74.072002},
  eprint = {hep-ex/0605039},
  file = {:/Users/janrak/ajan/PHENIX/ppg029/a_PRD_version.pdf:PDF},
  owner = {janrak},
  slaccitation = {%%CITATION = HEP-EX 0605039;%%},
  timestamp = {2006.09.17}
}

@ARTICLE{Adler:2006xd,
  author = {Adler, Stephen Scott and others},
  title = {{Nuclear effects on hadron production in d + Au and p + p collisions
	at s(NN)**(1/2) = 200-GeV}},
  journal = {Phys. Rev.},
  year = {2006},
  volume = {C74},
  pages = {024904},
  archiveprefix = {arXiv},
  bdsk-url-1 = {http://dx.doi.org/10.1103/PhysRevC.74.024904},
  collaboration = {PHENIX},
  doi = {10.1103/PhysRevC.74.024904},
  eprint = {nucl-ex/0603010},
  file = {0603010v1.pdf:/Users/janrak/papers/PHENIX/0603010v1.pdf:PDF},
  slaccitation = {%%CITATION = NUCL-EX/0603010;%%}
}

@ARTICLE{Adare:2006kf,
  author = {Adare, A. and others},
  title = {{J/psi production vs transverse momentum and rapidity in p + p collisions
	at s**(1/2) = 200-GeV}},
  journal = {Phys. Rev. Lett.},
  year = {2007},
  volume = {98},
  pages = {232002},
  archiveprefix = {arXiv},
  bdsk-url-1 = {http://dx.doi.org/10.1103/PhysRevLett.98.232002},
  collaboration = {PHENIX},
  doi = {10.1103/PhysRevLett.98.232002},
  eprint = {hep-ex/0611020},
  file = {0611020v1.pdf:/Users/janrak/papers/PHENIX/0611020v1.pdf:PDF},
  slaccitation = {%%CITATION = HEP-EX/0611020;%%}
}

@ARTICLE{Adare:2006nn,
  author = {Adare, A. and others},
  title = {{Correlated production of p and anti-p in Au + Au collisions at s(NN)**(1/2)
	= 200-GeV}},
  journal = {Phys. Lett.},
  year = {2007},
  volume = {B649},
  pages = {359-369},
  archiveprefix = {arXiv},
  bdsk-url-1 = {http://dx.doi.org/10.1016/j.physletb.2007.04.029},
  collaboration = {PHENIX},
  doi = {10.1016/j.physletb.2007.04.029},
  eprint = {nucl-ex/0611016},
  file = {0611016v1.pdf:/Users/janrak/papers/PHENIX/0611016v1.pdf:PDF},
  slaccitation = {%%CITATION = NUCL-EX/0611016;%%}
}

@ARTICLE{Adare:2006nq,
  author = {Adare, A. and others},
  title = {{Energy Loss and Flow of Heavy Quarks in Au+Au Collisions at sqrt(s_NN)
	= 200 GeV}},
  journal = {Phys. Rev. Lett.},
  year = {2007},
  volume = {98},
  pages = {172301},
  archiveprefix = {arXiv},
  bdsk-url-1 = {http://dx.doi.org/10.1103/PhysRevLett.98.172301},
  collaboration = {PHENIX},
  doi = {10.1103/PhysRevLett.98.172301},
  eprint = {nucl-ex/0611018},
  file = {0611018v3.pdf:/Users/janrak/papers/PHENIX/0611018v3.pdf:PDF},
  slaccitation = {%%CITATION = NUCL-EX/0611018;%%}
}

@ARTICLE{Adare:2006nr,
  author = {Adare, A. and others},
  title = {{System size and energy dependence of jet-induced hadron pair correlation
	shapes in Cu + Cu and Au + Au collisions at s(NN)**(1/2) = 200-GeV
	and 62.4-GeV}},
  journal = {Phys. Rev. Lett.},
  year = {2007},
  volume = {98},
  pages = {232302},
  archiveprefix = {arXiv},
  bdsk-url-1 = {http://dx.doi.org/10.1103/PhysRevLett.98.232302},
  collaboration = {PHENIX},
  doi = {10.1103/PhysRevLett.98.232302},
  eprint = {nucl-ex/0611019},
  file = {0611019v1.pdf:/Users/janrak/papers/PHENIX/0611019v1.pdf:PDF},
  slaccitation = {%%CITATION = NUCL-EX/0611019;%%}
}

@ARTICLE{Adare:2006ns,
  author = {Adare, A. and others},
  title = {{J/psi production vs centrality, transverse momentum, and rapidity
	in Au + Au collisions at s(NN)**(1/2) = 200- GeV}},
  journal = {Phys. Rev. Lett.},
  year = {2007},
  volume = {98},
  pages = {232301},
  archiveprefix = {arXiv},
  bdsk-url-1 = {http://dx.doi.org/10.1103/PhysRevLett.98.232301},
  collaboration = {PHENIX},
  doi = {10.1103/PhysRevLett.98.232301},
  eprint = {nucl-ex/0611020},
  file = {0611020v1.pdf:/Users/janrak/papers/PHENIX/0611020v1.pdf:PDF},
  slaccitation = {%%CITATION = NUCL-EX/0611020;%%}
}

@ARTICLE{Adare:2006ti,
  author = {Adare, A. and others},
  title = {{Scaling properties of azimuthal anisotropy in Au + Au and Cu + Cu
	collisions at s(NN)**(1/2) = 200-GeV}},
  journal = {Phys. Rev. Lett.},
  year = {2007},
  volume = {98},
  pages = {162301},
  archiveprefix = {arXiv},
  collaboration = {PHENIX},
  comment = {v2 scaling},
  doi = {10.1103/PhysRevLett.98.162301},
  eprint = {nucl-ex/0608033},
  file = {0608033.pdf:/Users/janrak/papers/PHENIX/0608033.pdf:PDF},
  owner = {janrak},
  slaccitation = {%%CITATION = NUCL-EX/0608033;%%},
  timestamp = {2014.05.01}
}

@ARTICLE{Adare:2007dg,
  author = {Adare, A. and others},
  title = {{Inclusive cross section and double helicity asymmetry for $\pi^0$
	production in p+p collisions at sqrt(s)=200 GeV: Implications for
	the polarized gluon distribution in the proton}},
  journal = {Phys. Rev.},
  year = {2007},
  volume = {D76},
  pages = {051106},
  archiveprefix = {arXiv},
  collaboration = {PHENIX},
  comment = {pp pi0 NLO},
  doi = {10.1103/PhysRevD.76.051106},
  eprint = {0704.3599},
  file = {:Users/janrak/papers/PHENIX/0704.3599.pdf:PDF},
  owner = {janrak},
  primaryclass = {hep-ex},
  slaccitation = {%%CITATION = 0704.3599;%%},
  timestamp = {2014.05.01}
}

@ARTICLE{Adler:2006as,
  author = {Adler, Stephen Scott and others},
  title = {{Evidence for a long-range component in the pion emission source
	in Au + Au collisions at s(NN)**(1/2) = 200-GeV}},
  journal = {Phys. Rev. Lett.},
  year = {2007},
  volume = {98},
  pages = {132301},
  archiveprefix = {arXiv},
  bdsk-url-1 = {http://dx.doi.org/10.1103/PhysRevLett.98.132301},
  collaboration = {PHENIX},
  doi = {10.1103/PhysRevLett.98.132301},
  eprint = {nucl-ex/0605032},
  file = {0605032v1.pdf:/Users/janrak/papers/PHENIX/0605032v1.pdf:PDF},
  slaccitation = {%%CITATION = NUCL-EX/0605032;%%}
}

@ARTICLE{Adler:2006bv,
  author = {Adler, Stephen Scott and others},
  title = {{High transverse momentum eta meson production in p + p, d + Au and
	Au + Au collisions at s(NN)**(1/2) = 200-GeV}},
  journal = {Phys. Rev.},
  year = {2007},
  volume = {C75},
  pages = {024909},
  archiveprefix = {arXiv},
  bdsk-url-1 = {http://dx.doi.org/10.1103/PhysRevC.75.024909},
  collaboration = {PHENIX},
  doi = {10.1103/PhysRevC.75.024909},
  eprint = {nucl-ex/0611006},
  file = {0611006v1.pdf:/Users/janrak/papers/PHENIX/0611006v1.pdf:PDF},
  slaccitation = {%%CITATION = NUCL-EX/0611006;%%}
}

@ARTICLE{Adler:2006bw,
  author = {Adler, Stephen Scott and others},
  title = {{A detailed study of high-p(T) neutral pion suppression and azimuthal
	anisotropy in Au + Au collisions at s(NN)**(1/2) = 200-GeV}},
  journal = {Phys. Rev.},
  year = {2007},
  volume = {C76},
  pages = {034904},
  archiveprefix = {arXiv},
  collaboration = {PHENIX},
  comment = {RAA wrt EP NLO n=8.10 power law exponent and fractional energy loss},
  doi = {10.1103/PhysRevC.76.034904},
  eprint = {nucl-ex/0611007},
  file = {0611007.pdf:/Users/janrak/papers/PHENIX/0611007.pdf:PDF},
  owner = {janrak},
  slaccitation = {%%CITATION = NUCL-EX/0611007;%%},
  timestamp = {2014.05.01}
}

@ARTICLE{Adler:2006hy,
  author = {Adler, Stephen Scott and others},
  title = {{Production of omega mesons at large transverse momenta in p + p
	and d + Au collisions at s(NN)**(1/2) = 200-GeV}},
  journal = {Phys. Rev.},
  year = {2007},
  volume = {C75},
  pages = {051902},
  archiveprefix = {arXiv},
  bdsk-url-1 = {http://dx.doi.org/10.1103/PhysRevC.75.051902},
  collaboration = {PHENIX},
  doi = {10.1103/PhysRevC.75.051902},
  eprint = {nucl-ex/0611031},
  file = {0611031v1.pdf:/Users/janrak/papers/PHENIX/0611031v1.pdf:PDF},
  slaccitation = {%%CITATION = NUCL-EX/0611031;%%}
}

@ARTICLE{Adler:2006wg,
  author = {Adler, Stephen Scott and others},
  title = {{Centrality dependence of pi0 and eta production at large transverse
	momentum in s(NN)**(1/2) = 200-GeV d + Au collisions}},
  journal = {Phys. Rev. Lett.},
  year = {2007},
  volume = {98},
  pages = {172302},
  archiveprefix = {arXiv},
  bdsk-url-1 = {http://dx.doi.org/10.1103/PhysRevLett.98.172302},
  collaboration = {PHENIX},
  doi = {10.1103/PhysRevLett.98.172302},
  eprint = {nucl-ex/0610036},
  file = {0610036v1.pdf:/Users/janrak/papers/PHENIX/0610036v1.pdf:PDF},
  slaccitation = {%%CITATION = NUCL-EX/0610036;%%}
}

@ARTICLE{Adler:2006yt,
  author = {Adler, Stephen Scott and others},
  title = {{Measurement of direct photon production in p + p collisions at s**(1/2)
	= 200-GeV}},
  journal = {Phys. Rev. Lett.},
  year = {2007},
  volume = {98},
  pages = {012002},
  archiveprefix = {arXiv},
  collaboration = {PHENIX},
  doi = {10.1103/PhysRevLett.98.012002},
  eprint = {hep-ex/0609031},
  file = {:Users/janrak/papers/PHENIX/ppg60_0609031v2_photons.pdf:PDF},
  owner = {janrak},
  slaccitation = {%%CITATION = HEP-EX/0609031;%%},
  timestamp = {2014.05.01}
}

@ARTICLE{Adler:2006yu,
  author = {Adler, Stephen Scott and others},
  title = {{Measurement of single muons at forward rapidity in p + p collisions
	at s**(1/2) = 200-GeV and implications for charm production}},
  journal = {Phys. Rev.},
  year = {2007},
  volume = {D76},
  pages = {092002},
  archiveprefix = {arXiv},
  bdsk-url-1 = {http://dx.doi.org/10.1103/PhysRevD.76.092002},
  collaboration = {PHENIX},
  doi = {10.1103/PhysRevD.76.092002},
  eprint = {hep-ex/0609032},
  file = {0609032v2.pdf:/Users/janrak/papers/PHENIX/0609032v2.pdf:PDF},
  slaccitation = {%%CITATION = HEP-EX/0609032;%%}
}

@ARTICLE{Adler:2007fj,
  author = {Adler, Stephen Scott and others},
  title = {{Measurement of density correlations in pseudorapidity via charged
	particle multiplicity fluctuations in Au+Au collisions at sqrt(s_NN)=200
	GeV}},
  journal = {Phys. Rev.},
  year = {2007},
  volume = {C76},
  pages = {034903},
  archiveprefix = {arXiv},
  bdsk-url-1 = {http://dx.doi.org/10.1103/PhysRevC.76.034903},
  collaboration = {PHENIX},
  doi = {10.1103/PhysRevC.76.034903},
  eprint = {0704.2894},
  file = {0704.2894v1.pdf:/Users/janrak/papers/PHENIX/0704.2894v1.pdf:PDF},
  primaryclass = {nucl-ex},
  slaccitation = {%%CITATION = 0704.2894;%%}
}

@ARTICLE{Afanasiev:2007tv,
  author = {Afanasiev, S. and others},
  title = {{Elliptic flow for $\phi$ mesons and (anti)deuterons in Au+Au collisions
	at $\sqrt{s_NN}$ = 200 GeV}},
  journal = {Phys. Rev. Lett.},
  year = {2007},
  volume = {99},
  pages = {052301},
  archiveprefix = {arXiv},
  bdsk-url-1 = {http://dx.doi.org/10.1103/PhysRevLett.99.052301},
  collaboration = {PHENIX},
  doi = {10.1103/PhysRevLett.99.052301},
  eprint = {nucl-ex/0703024},
  file = {0703024v1.pdf:/Users/janrak/papers/PHENIX/0703024v1.pdf:PDF},
  slaccitation = {%%CITATION = NUCL-EX/0703024;%%}
}

@ARTICLE{:2007by,
  author = {Adler, S. S. and others},
  title = {{Centrality dependence of charged hadron production in deuteron+gold
	and nucleon+gold collisions at sqrt(s_NN)=200 GeV}},
  journal = {Phys. Rev.},
  year = {2008},
  volume = {C77},
  pages = {014905},
  archiveprefix = {arXiv},
  bdsk-url-1 = {http://dx.doi.org/10.1103/PhysRevC.77.014905},
  collaboration = {PHENIX},
  doi = {10.1103/PhysRevC.77.014905},
  eprint = {0708.2416},
  file = {0708.2416v2.pdf:/Users/janrak/papers/PHENIX/0708.2416v2.pdf:PDF},
  primaryclass = {nucl-ex},
  slaccitation = {%%CITATION = 0708.2416;%%}
}

@ARTICLE{:2008cx,
  author = {Adare, A. and others},
  title = {{Energy dependence of pi-zero production in Cu+Cu collisions at sqrt(s_NN)
	= 22.4, 62.4, and 200 GeV}},
  year = {2008},
  archiveprefix = {arXiv},
  collaboration = {PHENIX},
  eprint = {0801.4555},
  file = {0801.4555v1.pdf:/Users/janrak/papers/PHENIX/0801.4555v1.pdf:PDF},
  primaryclass = {nucl-ex},
  slaccitation = {%%CITATION = 0801.4555;%%}
}

@ARTICLE{Adare2008,
  author = {Adare, A. and others},
  title = {{Dihadron azimuthal correlations in Au+Au collisions at sqrt(s_NN)=200
	GeV}},
  journal = {Phys. Rev.},
  year = {2008},
  volume = {C78},
  pages = {014901},
  archiveprefix = {arXiv},
  bdsk-url-1 = {http://dx.doi.org/10.1103/PhysRevC.78.014901},
  collaboration = {PHENIX},
  comment = {ppg083 methods JAA IAA},
  doi = {10.1103/PhysRevC.78.014901},
  eprint = {0801.4545},
  file = {0801.4545v1.pdf:/Users/janrak/papers/PHENIX/0801.4545.pdf:PDF},
  owner = {janrak},
  primaryclass = {nucl-ex},
  slaccitation = {%%CITATION = 0801.4545;%%},
  timestamp = {2010.12.25}
}

@ARTICLE{Adare:2007gn,
  author = {Adare, A. and others},
  title = {{Cold Nuclear Matter Effects on J/Psi as Constrained by Deuteron-Gold
	Measurements at sqrt(s_NN) = 200 GeV}},
  journal = {Phys. Rev.},
  year = {2008},
  volume = {C77},
  pages = {024912},
  archiveprefix = {arXiv},
  bdsk-url-1 = {http://dx.doi.org/10.1103/PhysRevC.77.024912},
  collaboration = {PHENIX},
  doi = {10.1103/PhysRevC.77.024912},
  eprint = {0711.3917},
  file = {0711.3917v1.pdf:/Users/janrak/papers/PHENIX/0711.3917v1.pdf:PDF},
  primaryclass = {nucl-ex},
  slaccitation = {%%CITATION = 0711.3917;%%}
}

@ARTICLE{Adare:2007vu,
  author = {Adare, A. and others},
  title = {{Transverse momentum and centrality dependence of dihadron correlations
	in Au+Au collisions at sqrt(s_NN)=200 GeV: Jet-quenching and the
	response of partonic matter}},
  journal = {Phys. Rev.},
  year = {2008},
  volume = {C77},
  pages = {011901},
  archiveprefix = {arXiv},
  collaboration = {PHENIX},
  doi = {10.1103/PhysRevC.77.011901},
  eprint = {0705.3238},
  file = {0705.3238.pdf:/Users/janrak/papers/PHENIX/0705.3238.pdf:PDF},
  owner = {janrak},
  primaryclass = {nucl-ex},
  slaccitation = {%%CITATION = 0705.3238;%%},
  timestamp = {2014.05.01}
}

@ARTICLE{Adare:2008cg,
  author = {Adare, A. and others},
  title = {{Quantitative Constraints on the Opacity of Hot Partonic Matter from
	Semi-Inclusive Single High Transverse Momentum Pion Suppression in
	Au+Au collisions at sqrt(s_NN) = 200 GeV}},
  journal = {Phys. Rev.},
  year = {2008},
  volume = {C77},
  pages = {064907},
  archiveprefix = {arXiv},
  bdsk-url-1 = {http://dx.doi.org/10.1103/PhysRevC.77.064907},
  collaboration = {PHENIX},
  doi = {10.1103/PhysRevC.77.064907},
  eprint = {0801.1665},
  file = {0801.1665v2.pdf:/Users/janrak/papers/PHENIX/0801.1665v2.pdf:PDF},
  primaryclass = {nucl-ex},
  slaccitation = {%%CITATION = 0801.1665;%%}
}

@ARTICLE{Adare:2008ns,
  author = {Adare, A. and others},
  title = {{Charged hadron multiplicity fluctuations in Au+Au and Cu+Cu collisions
	from sqrt(s_NN) = 22.5 to 200 GeV}},
  year = {2008},
  archiveprefix = {arXiv},
  collaboration = {PHENIX},
  eprint = {0805.1521},
  file = {0805.1521v1.pdf:/Users/janrak/papers/PHENIX/0805.1521v1.pdf:PDF},
  primaryclass = {nucl-ex},
  slaccitation = {%%CITATION = 0805.1521;%%}
}

@ARTICLE{Adare:2008qa,
  author = {Adare, A. and others},
  title = {{Suppression pattern of neutral pions at high transverse momentum
	in Au + Au collisions at s(NN)**(1/2) = 200-GeV and constraints on
	medium transport coefficients}},
  journal = {Phys.Rev.Lett.},
  year = {2008},
  volume = {101},
  pages = {232301},
  archiveprefix = {arXiv},
  collaboration = {PHENIX Collaboration},
  doi = {10.1103/PhysRevLett.101.232301},
  eprint = {arXiv:0801.4020},
  file = {:Users/janrak/papers/PHENIX/0801.4020.pdf:PDF},
  owner = {janrak},
  primaryclass = {nucl-ex},
  timestamp = {2014.05.01}
}

@ARTICLE{Adare:2008sh,
  author = {Adare, A. and others},
  title = {{J/psi Production in sqrt (s_NN)= 200 GeV Cu+Cu Collisions}},
  year = {2008},
  archiveprefix = {arXiv},
  collaboration = {PHENIX},
  eprint = {0801.0220},
  file = {0801.0220v1.pdf:/Users/janrak/papers/PHENIX/0801.0220v1.pdf:PDF},
  primaryclass = {nucl-ex},
  slaccitation = {%%CITATION = 0801.0220;%%}
}

@ARTICLE{Afanasiev:2007kk,
  author = {Afanasiev, S. and others},
  title = {{Source breakup dynamics in Au+Au Collisions at sqrt(s_NN)=200 GeV
	via three-dimensional two-pion source imaging}},
  journal = {Phys. Rev. Lett.},
  year = {2008},
  volume = {100},
  pages = {232301},
  archiveprefix = {arXiv},
  bdsk-url-1 = {http://dx.doi.org/10.1103/PhysRevLett.100.232301},
  collaboration = {PHENIX},
  doi = {10.1103/PhysRevLett.100.232301},
  eprint = {0712.4372},
  file = {0712.4372v1.pdf:/Users/janrak/papers/PHENIX/0712.4372v1.pdf:PDF},
  primaryclass = {nucl-ex},
  slaccitation = {%%CITATION = 0712.4372;%%}
}

@ARTICLE{Afanasiev:2007wi,
  author = {Afanasiev, S. and others},
  title = {{Particle-species dependent modification of jet-induced correlations
	in Au+Au collisions at sqrt(s_NN) = 200 GeV}},
  journal = {Phys. Rev. Lett.},
  year = {2008},
  volume = {101},
  pages = {082301},
  archiveprefix = {arXiv},
  bdsk-url-1 = {http://dx.doi.org/10.1103/PhysRevLett.101.082301},
  collaboration = {PHENIX},
  doi = {10.1103/PhysRevLett.101.082301},
  eprint = {0712.3033},
  file = {0712.3033v1.pdf:/Users/janrak/papers/PHENIX/0712.3033v1.pdf:PDF},
  primaryclass = {nucl-ex},
  slaccitation = {%%CITATION = 0712.3033;%%}
}

@ARTICLE{Brodsky:2008qp,
  author = {Brodsky, Stanley J. and Sickles, Anne},
  title = {{The Baryon Anomaly: Evidence Color Transparency and Direct Hadron
	Production at RHIC}},
  journal = {Phys. Lett.},
  year = {2008},
  volume = {B668},
  pages = {111-115},
  archiveprefix = {arXiv},
  doi = {10.1016/j.physletb.2008.07.108},
  eprint = {0804.4608},
  file = {:/Users/janrak/papers/jtkt2/Brodsky_0804.4608.pdf:PDF},
  owner = {janrak},
  primaryclass = {hep-ph},
  slaccitation = {%%CITATION = 0804.4608;%%},
  timestamp = {2008.12.02}
}

@ARTICLE{:2009iv,
  author = {Afanasiev, S. and others},
  title = {{High-pT pi^zero Production with Respect to the Reaction Plane in
	Au + Au Collisions at sqrt(s_NN) = 200 GeV}},
  journal = {Phys. Rev.},
  year = {2009},
  volume = {C80},
  pages = {054907},
  archiveprefix = {arXiv},
  collaboration = {PHENIX},
  comment = {RAA wrt EP},
  doi = {10.1103/PhysRevC.80.054907},
  eprint = {0903.4886},
  file = {:/Users/janrak/papers/PHENIX/0903.4886.pdf:PDF},
  owner = {janrak},
  primaryclass = {nucl-ex},
  slaccitation = {%%CITATION = 0903.4886;%%},
  timestamp = {2014.05.01}
}

@ARTICLE{Afanasiev:2009wq,
  author = {Afanasiev, S. and others},
  title = {{Systematic Studies of Elliptic Flow Measurements in Au+Au Collisions
	at sqrt(s_NN) = 200 GeV}},
  journal = {Phys. Rev.},
  year = {2009},
  volume = {C80},
  pages = {024909},
  archiveprefix = {arXiv},
  collaboration = {PHENIX},
  doi = {10.1103/PhysRevC.80.024909},
  eprint = {0905.1070},
  file = {:/Users/janrak/papers/PHENIX/0905.1070.pdf:PDF},
  owner = {janrak},
  primaryclass = {nucl-ex},
  slaccitation = {%%CITATION = 0905.1070;%%},
  timestamp = {2014.05.01}
}

@ARTICLE{Adare:2008ab,
  author = {Adare, A. and others},
  title = {{Enhanced production of direct photons in Au+Au collisions at sqrt(s_NN)=200
	GeV and implications for the initial temperature}},
  journal = {Phys.Rev.Lett.},
  year = {2010},
  volume = {104},
  pages = {132301},
  archiveprefix = {arXiv},
  collaboration = {PHENIX Collaboration},
  comment = {direct photon temperature see infamous Shen:2013vja},
  doi = {10.1103/PhysRevLett.104.132301},
  eprint = {arXiv:0804.4168},
  file = {:Users/janrak/papers/DirGamma/0804.4168.pdf:PDF},
  owner = {janrak},
  primaryclass = {nucl-ex},
  timestamp = {2014.05.01}
}

@ARTICLE{Adare:2009qk,
  author = {Adare, A. and others},
  title = {{Detailed measurement of the $e^+ e^-$ pair continuum in $p+p$ and
	Au+Au collisions at $\sqrt{s_NN} = 200$ GeV and implications for
	direct photon production}},
  journal = {Phys.Rev.},
  year = {2010},
  volume = {C81},
  pages = {034911},
  archiveprefix = {arXiv},
  collaboration = {PHENIX Collaboration},
  comment = {dir gamma virtual photon and dilepton overview},
  doi = {10.1103/PhysRevC.81.034911},
  eprint = {0912.0244},
  file = {:/Users/janrak/papers/PHENIX/virtual-gamma-0912.0244v1.pdf:PDF},
  owner = {janrak},
  primaryclass = {nucl-ex},
  slaccitation = {%%CITATION = ARXIV:0912.0244;%%},
  timestamp = {2014.05.01}
}

@ARTICLE{Adare:2010ry,
  author = {Adare, A. and others},
  title = {{Trends in Yield and Azimuthal Shape Modification in Dihadron Correlations
	in Relativistic Heavy Ion Collisions}},
  journal = {Phys.Rev.Lett.},
  year = {2010},
  volume = {104},
  pages = {252301},
  archiveprefix = {arXiv},
  collaboration = {PHENIX Collaboration},
  comment = {ppg106 I_AA away side},
  doi = {10.1103/PhysRevLett.104.252301},
  eprint = {arXiv:1002.1077},
  file = {:Users/janrak/papers/PHENIX/IAA-1002.1077.pdf:PDF},
  owner = {janrak},
  primaryclass = {nucl-ex},
  timestamp = {2014.05.01}
}

@ARTICLE{Adare:2010sp,
  author = {Adare, A. and others},
  title = {{Azimuthal anisotropy of neutral pion production in Au+Au collisions
	at $\sqrt(s_NN)$ = 200 GeV: Path-length dependence of jet quenching
	and the role of initial geometry}},
  journal = {Phys. Rev. Lett.},
  year = {2010},
  volume = {105},
  pages = {142301},
  archiveprefix = {arXiv},
  collaboration = {PHENIX},
  comment = {high-pT v2},
  doi = {10.1103/PhysRevLett.105.142301},
  eprint = {1006.3740},
  file = {:/Users/janrak/papers/PHENIX/1006.3740v1.pdf:PDF},
  owner = {janrak},
  primaryclass = {nucl-ex},
  slaccitation = {%%CITATION = 1006.3740;%%},
  timestamp = {2014.05.01}
}

@ARTICLE{Adare:2010yw,
  author = {Adare, A. and others},
  title = {{High p_T Direct Photon and pi^0 Triggered Azimuthal Jet Correlations
	in sqrt(s)=200 GeV p+p Collisions}},
  journal = {Phys. Rev. D},
  year = {2010},
  volume = {82},
  pages = {072001},
  number = {7},
  month = {Oct},
  archiveprefix = {arXiv},
  collaboration = {PHENIX Collaboration},
  comment = {ppg095 pout},
  doi = {10.1103/PhysRevD.82.072001},
  eprint = {arXiv:1006.1347},
  file = {:Users/janrak/papers/PHENIX/ppg095_1006.1347.pdf:PDF},
  numpages = {18},
  owner = {janrak},
  primaryclass = {hep-ex},
  publisher = {American Physical Society},
  timestamp = {2014.05.01}
}

@ARTICLE{Adare:2010fe,
  author = {Adare, A. and others},
  title = {{Measurement of neutral mesons in p+p collisions at $\sqrt(s)$= 200
	GeV and scaling properties of hadron production}},
  journal = {Phys.Rev.},
  year = {2011},
  volume = {D83},
  pages = {052004},
  archiveprefix = {arXiv},
  collaboration = {PHENIX Collaboration},
  comment = {the best pp all mesone spectra, look at pp pi0 reference - first NLO
	at RHIC
	
	discussion of Tsallis},
  doi = {10.1103/PhysRevD.83.052004},
  eprint = {1005.3674},
  file = {:/Users/janrak/papers/PHENIX/1005.3674.pdf:PDF},
  owner = {janrak},
  primaryclass = {hep-ex},
  timestamp = {2014.05.01}
}

@ARTICLE{Adare:2011sc,
  author = {Adare, A. and others},
  title = {{Suppression of back-to-back hadron pairs at forward rapidity in
	$d+$Au Collisions at $\sqrt{s_NN}=200$ GeV}},
  journal = {Phys.Rev.Lett.},
  year = {2011},
  volume = {107},
  pages = {172301},
  archiveprefix = {arXiv},
  collaboration = {PHENIX Collaboration},
  comment = {ppg128 J_dA Terry was on PPG - J_AA vs I_AA},
  doi = {10.1103/PhysRevLett.107.172301},
  eprint = {1105.5112},
  file = {:/Users/janrak/papers/PHENIX/J_dA_ppg128d02.pdf:PDF},
  owner = {janrak},
  primaryclass = {nucl-ex},
  slaccitation = {%%CITATION = ARXIV:1105.5112;%%},
  timestamp = {2014.05.01}
}

@ARTICLE{Adare:2012uk,
  author = {Adare, A. and others},
  title = {{Evolution of $\pi^0$ suppression in Au+Au collisions from $\sqrt{s_NN}
	= 39$ to 200 GeV}},
  journal = {Phys.Rev.Lett.},
  year = {2012},
  volume = {109},
  pages = {152301},
  archiveprefix = {arXiv},
  collaboration = {PHENIX Collaboration},
  comment = {Norbert Novitzky low energy scan paper},
  doi = {10.1103/PhysRevLett.109.152301},
  eprint = {1204.1526},
  file = {:/Users/janrak/papers/PHENIX/Norbert-1204.1526.pdf:PDF},
  owner = {janrak},
  primaryclass = {nucl-ex},
  slaccitation = {%%CITATION = ARXIV:1204.1526;%%},
  timestamp = {2014.05.01}
}

@ARTICLE{Adare:2012vq,
  author = {Adare, A. and Afanasiev, S. and Aidala, C. and Ajitanand, N.N. and
	Akiba, Y. and others},
  title = {{Deviation from quark-number scaling of the anisotropy parameter
	v_2 of pions, kaons, and protons in Au+Au collisions at sqrt(s_NN)
	= 200 GeV}},
  year = {2012},
  archiveprefix = {arXiv},
  comment = {Constituent quark scaling violation, reference to parton spliting},
  eprint = {1203.2644},
  file = {:/Users/janrak/papers/PHENIX/Const_q_viol_1203.2644v1.pdf:PDF},
  primaryclass = {nucl-ex},
  slaccitation = {%%CITATION = ARXIV:1203.2644;%%}
}

@ARTICLE{Adare:2012yt,
  author = {Adare, A. and others},
  title = {{Direct-Photon Production in $p+p$ Collisions at $\sqrt{s}=200$ GeV
	at Midrapidity}},
  journal = {Phys.Rev.},
  year = {2012},
  volume = {D86},
  pages = {072008},
  archiveprefix = {arXiv},
  collaboration = {PHENIX Collaboration},
  comment = {gamma xT scaling higher twist},
  doi = {10.1103/PhysRevD.86.072008},
  eprint = {1205.5533},
  file = {:/Users/janrak/papers/PHENIX/gamma_xT_1205.5533v1.pdf:PDF},
  owner = {janrak},
  primaryclass = {hep-ex},
  slaccitation = {%%CITATION = ARXIV:1205.5533;%%},
  timestamp = {2014.05.01}
}

@ARTICLE{Adare:2012wg,
  author = {Adare, A. and others},
  title = {{Neutral pion production with respect to centrality and reaction
	plane in Au$+$Au collisions at $\sqrt{s_NN}$=200 GeV}},
  journal = {Phys.Rev.},
  year = {2013},
  volume = {C87},
  pages = {034911},
  number = {3},
  archiveprefix = {arXiv},
  collaboration = {PHENIX Collaboration},
  doi = {10.1103/PhysRevC.87.034911},
  eprint = {1208.2254},
  file = {:/Users/janrak/papers/PHENIX/Fractional_ELoass_1208.2254.pdf:PDF},
  primaryclass = {nucl-ex},
  slaccitation = {%%CITATION = ARXIV:1208.2254;%%},
  timestamp = {2014.05.01}
}

@ARTICLE{Adare:2013nff,
  author = {Adare, A. and others},
  title = {{Centrality categorization for R_{p(d)+A} in high-energy collisions}},
  year = {2013},
  archiveprefix = {arXiv},
  collaboration = {PHENIX Collaboration},
  comment = {centrality in dAu},
  eprint = {1310.4793},
  file = {:/Users/janrak/papers/PHENIX/1310.4793v1_dA_centrality.pdf:PDF},
  owner = {janrak},
  primaryclass = {nucl-ex},
  slaccitation = {%%CITATION = ARXIV:1310.4793;%%},
  timestamp = {2013.12.16}
}

@ARTICLE{Adler:2013aqf,
  author = {Adler, S.S. and others},
  title = {{Transverse-energy distributions at midrapidity in $p$$+$$p$, $d$$+$Au,
	and Au$+$Au collisions at $\sqrt{s_{_NN}}=62.4$--200~GeV and implications
	for particle-production models}},
  year = {2013},
  archiveprefix = {arXiv},
  collaboration = {PHENIX Collaboration},
  comment = {quark scaling ET},
  eprint = {1312.6676},
  file = {:/Users/janrak/papers/PHENIX/ET_Qscaling_1312.6676v1.pdf:PDF},
  owner = {janrak},
  primaryclass = {nucl-ex},
  slaccitation = {%%CITATION = ARXIV:1312.6676;%%},
  timestamp = {2014.02.17}
}

@ARTICLE{Adare:2014hje,
  author = {Adare, A. and others},
  title = {{Measurement of $\Upsilon$(1S+2S+3S) production in $p$$+$$p$ and
	Au$+$Au collisions at $\sqrt{s_{_NN}}=200$ GeV}},
  year = {2014},
  archiveprefix = {arXiv},
  collaboration = {PHENIX Collaboration},
  comment = {Upsilon suppression},
  eprint = {1404.2246},
  file = {:/Users/janrak/papers/PHENIX/Upsilon_PhysRevC.91.024913.pdf:PDF},
  primaryclass = {nucl-ex},
  slaccitation = {%%CITATION = ARXIV:1404.2246;%%},
  timestamp = {2015.02.25}
}

@ARTICLE{Adare:2014qvs,
  author = {Adare, A. and others},
  title = {{Beam-energy and system-size dependence of the space-time extent
	of the pion emission source produced in heavy ion collisions}},
  year = {2014},
  archiveprefix = {arXiv},
  collaboration = {PHENIX Collaboration},
  comment = {Roy - HBT 40 GeV transition},
  eprint = {1410.2559},
  file = {:/Users/janrak/papers/PHENIX/HBT_1410.2559v1.pdf:PDF},
  primaryclass = {nucl-ex},
  slaccitation = {%%CITATION = ARXIV:1410.2559;%%}
}

@ARTICLE{Adare:2014vua,
  author = {Adare, A. and Aidala, C. and Ajitanand, N.N. and Akiba, Y. and Akimoto,
	R. and others},
  title = {{Measurement of long-range angular correlation and quadrupole anisotropy
	of pions and (anti)protons in central $d$$+$Au collisions at $\sqrt{s_{_NN}}$=200
	GeV}},
  year = {2014},
  archiveprefix = {arXiv},
  comment = {flow in dAu - similar to pp},
  eprint = {1404.7461},
  file = {:/Users/janrak/papers/PHENIX/dAu-flow-1404.7461v1.pdf:PDF},
  primaryclass = {nucl-ex},
  slaccitation = {%%CITATION = ARXIV:1404.7461;%%},
  timestamp = {2014.05.01}
}

@comment{jabref-meta: selector_publisher:}

@comment{jabref-meta: selector_author:}

@comment{jabref-meta: selector_journal:}

@comment{jabref-meta: selector_keywords:}

