%% This BibTeX bibliography file was created using BibDesk.
%% http://bibdesk.sourceforge.net/


%% Created for Jan Rak at 2017-09-15 14:10:18 +0300 


%% Saved with string encoding Unicode (UTF-8) 



@article{Acharya:2017ino,
	Archiveprefix = {arXiv},
	Author = {Acharya, Shreyasi and others},
	Collaboration = {ALICE},
	Doi = {10.1007/JHEP09(2017)032},
	Eprint = {1707.05690},
	Journal = {JHEP},
	Pages = {032},
	Primaryclass = {nucl-ex},
	Reportnumber = {CERN-EP-2017-149},
	Slaccitation = {%%CITATION = ARXIV:1707.05690;%%},
	Title = {{Searches for transverse momentum dependent flow vector fluctuations in Pb-Pb and p-Pb collisions at the LHC}},
	Volume = {09},
	Year = {2017},
	Bdsk-Url-1 = {http://dx.doi.org/10.1007/JHEP09(2017)032}}

@article{Acharya:2017zfg,
	Archiveprefix = {arXiv},
	Author = {Acharya, Shreyasi and others},
	Collaboration = {ALICE},
	Doi = {10.1016/j.physletb.2017.07.060},
	Eprint = {1705.04377},
	Journal = {Phys. Lett.},
	Pages = {68-80},
	Primaryclass = {nucl-ex},
	Reportnumber = {CERN-EP-2017-103},
	Slaccitation = {%%CITATION = ARXIV:1705.04377;%%},
	Title = {{Linear and non-linear flow modes in Pb-Pb collisions at $\sqrt{s_{\rm NN}} =$ 2.76 TeV}},
	Volume = {B773},
	Year = {2017},
	Bdsk-Url-1 = {http://dx.doi.org/10.1016/j.physletb.2017.07.060}}

@article{Aidala:2017pum,
	Archiveprefix = {arXiv},
	Author = {Aidala, C. and others},
	Collaboration = {PHENIX},
	Doi = {10.1103/PhysRevD.95.112001},
	Eprint = {1703.09333},
	Journal = {Phys. Rev.},
	Number = {11},
	Pages = {112001},
	Primaryclass = {hep-ex},
	Slaccitation = {%%CITATION = ARXIV:1703.09333;%%},
	Title = {{Cross section and transverse single-spin asymmetry of muons from open heavy-flavor decays in polarized $p$+$p$ collisions at $\sqrt{s}=200$ GeV}},
	Volume = {D95},
	Year = {2017},
	Bdsk-Url-1 = {http://dx.doi.org/10.1103/PhysRevD.95.112001}}

@article{Adam:2017ucq,
	Archiveprefix = {arXiv},
	Author = {Adam, Jaroslav and others},
	Collaboration = {ALICE},
	Doi = {10.1103/PhysRevLett.118.162302},
	Eprint = {1702.02665},
	Journal = {Phys. Rev. Lett.},
	Number = {16},
	Pages = {162302},
	Primaryclass = {nucl-ex},
	Reportnumber = {CERN-EP-2017-021},
	Slaccitation = {%%CITATION = ARXIV:1702.02665;%%},
	Title = {{Flow dominance and factorization of transverse momentum correlations in Pb-Pb collisions at the LHC}},
	Volume = {118},
	Year = {2017},
	Bdsk-Url-1 = {http://dx.doi.org/10.1103/PhysRevLett.118.162302}}

@article{Adamova:2017opl,
	Archiveprefix = {arXiv},
	Author = {Adamova, Dagmar and others},
	Collaboration = {ALICE},
	Doi = {10.1103/PhysRevLett.118.222301},
	Eprint = {1702.01612},
	Journal = {Phys. Rev. Lett.},
	Number = {22},
	Pages = {222301},
	Primaryclass = {nucl-ex},
	Reportnumber = {CERN-EP-2017-013},
	Slaccitation = {%%CITATION = ARXIV:1702.01612;%%},
	Title = {{Azimuthally differential pion femtoscopy in Pb-Pb collisions at $\sqrt{s_{\rm NN}}=2.76$ TeV}},
	Volume = {118},
	Year = {2017},
	Bdsk-Url-1 = {http://dx.doi.org/10.1103/PhysRevLett.118.222301}}

@article{Acharya:2017hdv,
	Archiveprefix = {arXiv},
	Author = {Acharya, Shreyasi and others},
	Collaboration = {ALICE},
	Doi = {10.1016/j.physletb.2017.03.049},
	Eprint = {1702.01479},
	Journal = {Phys. Lett.},
	Pages = {459-472},
	Primaryclass = {nucl-ex},
	Reportnumber = {CERN-EP-2017-022},
	Slaccitation = {%%CITATION = ARXIV:1702.01479;%%},
	Title = {{Production of muons from heavy-flavour hadron decays in p-Pb collisions at $\mathbf{\sqrt{{\textit s}_{NN}} = 5.02}$ TeV}},
	Volume = {B770},
	Year = {2017},
	Bdsk-Url-1 = {http://dx.doi.org/10.1016/j.physletb.2017.03.049}}

@article{Adare:2017caq,
	Archiveprefix = {arXiv},
	Author = {Adare, A. and others},
	Collaboration = {PHENIX},
	Doi = {10.1103/PhysRevC.96.024907},
	Eprint = {1702.01084},
	Journal = {Phys. Rev.},
	Number = {2},
	Pages = {024907},
	Primaryclass = {nucl-ex},
	Slaccitation = {%%CITATION = ARXIV:1702.01084;%%},
	Title = {{Measurements of $e^+e^-$ pairs from open heavy flavor in $p$+$p$ and $d$+$A$ collisions at $\sqrt{s_{NN}}=200$ GeV}},
	Volume = {C96},
	Year = {2017},
	Bdsk-Url-1 = {http://dx.doi.org/10.1103/PhysRevC.96.024907}}

@article{Acharya:2017hyu,
	Archiveprefix = {arXiv},
	Author = {Acharya, Shreyasi and others},
	Collaboration = {ALICE},
	Doi = {10.1140/epjc/s10052-017-5144-7, 10.1140/epjc/s10052-017-4890-x},
	Eprint = {1702.00917},
	Journal = {Eur. Phys. J.},
	Note = {[Erratum: Eur. Phys. J.C77,no.9,586(2017)]},
	Number = {5},
	Pages = {339},
	Primaryclass = {hep-ex},
	Reportnumber = {CERN-EP-2017-019},
	Slaccitation = {%%CITATION = ARXIV:1702.00917;%%},
	Title = {{Production of ${\pi ^0}$ and $\eta $ mesons up to high transverse momentum in pp collisions at 2.76 TeV}},
	Volume = {C77},
	Year = {2017},
	Bdsk-Url-1 = {http://dx.doi.org/10.1140/epjc/s10052-017-5144-7,%2010.1140/epjc/s10052-017-4890-x}}

@article{Acharya:2017jgo,
	Archiveprefix = {arXiv},
	Author = {Acharya, Shreyasi and others},
	Collaboration = {ALICE},
	Doi = {10.1140/epjc/s10052-017-5090-4},
	Eprint = {1702.00766},
	Journal = {Eur. Phys. J.},
	Number = {8},
	Pages = {550},
	Primaryclass = {hep-ex},
	Reportnumber = {CERN-EP-2017-020},
	Slaccitation = {%%CITATION = ARXIV:1702.00766;%%},
	Title = {{Measurement of D-meson production at mid-rapidity in pp collisions at ${\sqrt{s}=7}$ TeV}},
	Volume = {C77},
	Year = {2017},
	Bdsk-Url-1 = {http://dx.doi.org/10.1140/epjc/s10052-017-5090-4}}

@article{Acharya:2017hjh,
	Archiveprefix = {arXiv},
	Author = {Acharya, Shreyasi and others},
	Collaboration = {ALICE},
	Doi = {10.1140/epjc/s10052-017-4940-4},
	Eprint = {1702.00557},
	Journal = {Eur. Phys. J.},
	Number = {6},
	Pages = {392},
	Primaryclass = {hep-ex},
	Reportnumber = {CERN-EP-2017-015},
	Slaccitation = {%%CITATION = ARXIV:1702.00557;%%},
	Title = {{Energy dependence of forward-rapidity $\mathrm {J}/\psi $ and $\psi \mathrm {(2S)}$ production in pp collisions at the LHC}},
	Volume = {C77},
	Year = {2017},
	Bdsk-Url-1 = {http://dx.doi.org/10.1140/epjc/s10052-017-4940-4}}

@article{Adam:2017zbf,
	Archiveprefix = {arXiv},
	Author = {Adam, Jaroslav and others},
	Collaboration = {ALICE},
	Doi = {10.1103/PhysRevC.95.064606},
	Eprint = {1702.00555},
	Journal = {Phys. Rev.},
	Number = {6},
	Pages = {064606},
	Primaryclass = {nucl-ex},
	Reportnumber = {CERN-EP-2017-010},
	Slaccitation = {%%CITATION = ARXIV:1702.00555;%%},
	Title = {{K$^{*}(892)^{0}$ and $\phi(1020)$ meson production at high transverse momentum in pp and Pb-Pb collisions at $\sqrt{s_\mathrm{NN}}$ = 2.76 TeV}},
	Volume = {C95},
	Year = {2017},
	Bdsk-Url-1 = {http://dx.doi.org/10.1103/PhysRevC.95.064606}}

@article{Adamova:2017elh,
	Archiveprefix = {arXiv},
	Author = {Adamova, Dagmar and others},
	Collaboration = {ALICE},
	Doi = {10.1140/epjc/s10052-017-4943-1},
	Eprint = {1701.07797},
	Journal = {Eur. Phys. J.},
	Number = {6},
	Pages = {389},
	Primaryclass = {nucl-ex},
	Reportnumber = {CERN-EP-2017-017},
	Slaccitation = {%%CITATION = ARXIV:1701.07797;%%},
	Title = {{Production of $\Sigma(1385)^{\pm}$ and $\Xi(1530)^{0}$ in p-Pb collisions at $\sqrt{s_{\rm NN}}=5.02$ TeV}},
	Volume = {C77},
	Year = {2017},
	Bdsk-Url-1 = {http://dx.doi.org/10.1140/epjc/s10052-017-4943-1}}

@article{Aidala:2017iad,
	Archiveprefix = {arXiv},
	Author = {Aidala, C. and others},
	Collaboration = {PHENIX},
	Doi = {10.1103/PhysRevD.95.092002},
	Eprint = {1701.01342},
	Journal = {Phys. Rev.},
	Number = {9},
	Pages = {092002},
	Primaryclass = {hep-ex},
	Slaccitation = {%%CITATION = ARXIV:1701.01342;%%},
	Title = {{Measurements of $B \rightarrow J/\psi$ at forward rapidity in $p}},
	Volume = {D95},
	Year = {2017},
	Bdsk-Url-1 = {http://dx.doi.org/10.1103/PhysRevD.95.092002}}

@article{Adam:2016iwf,
	Archiveprefix = {arXiv},
	Author = {Adam, Jaroslav and others},
	Collaboration = {ALICE},
	Doi = {10.1140/epjc/s10052-017-5129-6},
	Eprint = {1612.08975},
	Journal = {Eur. Phys. J.},
	Number = {8},
	Pages = {569},
	Primaryclass = {nucl-ex},
	Reportnumber = {CERN-EP-2016-322},
	Slaccitation = {%%CITATION = ARXIV:1612.08975;%%},
	Title = {{Insight into particle production mechanisms via angular correlations of identified particles in pp collisions at $\sqrt{\mathrm{s}}=7$ TeV}},
	Volume = {C77},
	Year = {2017},
	Bdsk-Url-1 = {http://dx.doi.org/10.1140/epjc/s10052-017-5129-6}}

@article{Adam:2016ddh,
	Archiveprefix = {arXiv},
	Author = {Adam, Jaroslav and others},
	Collaboration = {ALICE},
	Doi = {10.1016/j.physletb.2017.07.017},
	Eprint = {1612.08966},
	Journal = {Phys. Lett.},
	Pages = {567-577},
	Primaryclass = {nucl-ex},
	Reportnumber = {CERN-EP-2016-327},
	Slaccitation = {%%CITATION = ARXIV:1612.08966;%%},
	Title = {{Centrality dependence of the pseudorapidity density distribution for charged particles in Pb-Pb collisions at $\sqrt{s_{\rm NN}}=5.02$ TeV}},
	Volume = {B772},
	Year = {2017},
	Bdsk-Url-1 = {http://dx.doi.org/10.1016/j.physletb.2017.07.017}}

@article{Adare:2016jta,
	Archiveprefix = {arXiv},
	Author = {Adare, A. and others},
	Collaboration = {PHENIX},
	Doi = {10.1103/PhysRevD.95.092003},
	Eprint = {1612.06807},
	Journal = {Phys. Rev.},
	Pages = {092003},
	Primaryclass = {hep-ex},
	Slaccitation = {%%CITATION = ARXIV:1612.06807;%%},
	Title = {{Angular decay coefficients of $J/\psi$ mesons at forward rapidity from $p+p$ collisions at $\sqrt{s}=510$ GeV}},
	Volume = {D95},
	Year = {2017},
	Bdsk-Url-1 = {http://dx.doi.org/10.1103/PhysRevD.95.092003}}

@article{Alice:2016wka,
	Archiveprefix = {arXiv},
	Author = {Adam, Jaroslav and others},
	Collaboration = {ALICE},
	Doi = {10.1007/JHEP02(2017)077},
	Eprint = {1611.03002},
	Journal = {JHEP},
	Pages = {077},
	Primaryclass = {nucl-ex},
	Reportnumber = {CERN-EP-2016-278},
	Slaccitation = {%%CITATION = ARXIV:1611.03002;%%},
	Title = {{W and Z boson production in p-Pb collisions at $\sqrt{s_{\rm NN}}$ = 5.02 TeV}},
	Volume = {02},
	Year = {2017},
	Bdsk-Url-1 = {http://dx.doi.org/10.1007/JHEP02(2017)077}}

@article{Adam:2016ilk,
	Archiveprefix = {arXiv},
	Author = {Adam, Jaroslav and others},
	Collaboration = {ALICE},
	Doi = {10.1140/epjp/i2017-11279-1},
	Eprint = {1610.03055},
	Journal = {Eur. Phys. J. Plus},
	Number = {2},
	Pages = {99},
	Primaryclass = {physics.ins-det},
	Reportnumber = {CERN-EP-2016-253},
	Slaccitation = {%%CITATION = ARXIV:1610.03055;%%},
	Title = {{Determination of the event collision time with the ALICE detector at the LHC}},
	Volume = {132},
	Year = {2017},
	Bdsk-Url-1 = {http://dx.doi.org/10.1140/epjp/i2017-11279-1}}

@article{Adam:2016khe,
	Archiveprefix = {arXiv},
	Author = {Adam, Jaroslav and others},
	Collaboration = {ALICE},
	Doi = {10.1016/j.physletb.2017.05.060},
	Eprint = {1609.07104},
	Journal = {Phys. Lett.},
	Pages = {467-481},
	Primaryclass = {nucl-ex},
	Reportnumber = {CERN-EP-2016-235},
	Slaccitation = {%%CITATION = ARXIV:1609.07104;%%},
	Title = {{Measurement of the production of high-$p_{\rm T}$ electrons from heavy-flavour hadron decays in Pb-Pb collisions at $\mathbf{\sqrt{\it s_{\rm{NN}}}}$ = 2.76 TeV}},
	Volume = {B771},
	Year = {2017},
	Bdsk-Url-1 = {http://dx.doi.org/10.1016/j.physletb.2017.05.060}}

@article{Adare:2016psx,
	Archiveprefix = {arXiv},
	Author = {Adare, A. and others},
	Collaboration = {PHENIX},
	Doi = {10.1103/PhysRevC.95.034904},
	Eprint = {1609.06550},
	Journal = {Phys. Rev.},
	Number = {3},
	Pages = {034904},
	Primaryclass = {nucl-ex},
	Slaccitation = {%%CITATION = ARXIV:1609.06550;%%},
	Title = {{Measurement of the relative yields of $\psi(2S)$ to $\psi(1S)$ mesons produced at forward and backward rapidity in $p$$+$$p$, $p$$+$Al, $p$$+$Au, and $^{3}$He$+$Au collisions at $\sqrt{s_{_{NN}}}=200$ GeV}},
	Volume = {C95},
	Year = {2017},
	Bdsk-Url-1 = {http://dx.doi.org/10.1103/PhysRevC.95.034904}}

@article{Adam:2016ckp,
	Archiveprefix = {arXiv},
	Author = {Adam, Jaroslav and others},
	Collaboration = {ALICE},
	Doi = {10.1103/PhysRevC.96.034904},
	Eprint = {1609.06667},
	Journal = {Phys. Rev.},
	Number = {3},
	Pages = {034904},
	Primaryclass = {nucl-ex},
	Reportnumber = {CERN-EP-2016-228},
	Slaccitation = {%%CITATION = ARXIV:1609.06667;%%},
	Title = {{Evolution of the longitudinal and azimuthal structure of the near-side jet peak in Pb-Pb collisions at $\sqrt{s_{\rm NN}} = 2.76$ TeV}},
	Volume = {C96},
	Year = {2017},
	Bdsk-Url-1 = {http://dx.doi.org/10.1103/PhysRevC.96.034904}}

@article{Adam:2016tsv,
	Archiveprefix = {arXiv},
	Author = {Adam, Jaroslav and others},
	Collaboration = {ALICE},
	Doi = {10.1103/PhysRevLett.119.102301},
	Eprint = {1609.06643},
	Journal = {Phys. Rev. Lett.},
	Number = {10},
	Pages = {102301},
	Primaryclass = {nucl-ex},
	Reportnumber = {CERN-EP-2016-229},
	Slaccitation = {%%CITATION = ARXIV:1609.06643;%%},
	Title = {{Anomalous evolution of the near-side jet peak shape in Pb-Pb collisions at $\sqrt{s_{\rm NN}}$ = 2.76 TeV}},
	Volume = {119},
	Year = {2017},
	Bdsk-Url-1 = {http://dx.doi.org/10.1103/PhysRevLett.119.102301}}

@article{Adare:2016bug,
	Archiveprefix = {arXiv},
	Author = {Adare, A. and others},
	Collaboration = {PHENIX},
	Doi = {10.1103/PhysRevD.95.072002},
	Eprint = {1609.04769},
	Journal = {Phys. Rev.},
	Number = {7},
	Pages = {072002},
	Primaryclass = {hep-ex},
	Slaccitation = {%%CITATION = ARXIV:1609.04769;%%},
	Title = {{Nonperturbative-transverse-momentum effects and evolution in dihadron and direct photon-hadron angular correlations in $p$$+$$p$ collisions at $\sqrt{s}$=510 GeV}},
	Volume = {D95},
	Year = {2017},
	Bdsk-Url-1 = {http://dx.doi.org/10.1103/PhysRevD.95.072002}}

@article{Adam:2016wyz,
	Archiveprefix = {arXiv},
	Author = {Adam, Jaroslav and others},
	Collaboration = {ALICE},
	Doi = {10.1007/JHEP07(2017)052},
	Eprint = {1609.03898},
	Journal = {JHEP},
	Pages = {052},
	Primaryclass = {nucl-ex},
	Reportnumber = {CERN-EP-2016-222},
	Slaccitation = {%%CITATION = ARXIV:1609.03898;%%},
	Title = {{Measurement of electrons from beauty-hadron decays in p-Pb collisions at $ \sqrt{s_{\mathrm{NN}}}=5.02 $ TeV and Pb-Pb collisions at $ \sqrt{s_{\mathrm{NN}}}=2.76 $ TeV}},
	Volume = {07},
	Year = {2017},
	Bdsk-Url-1 = {http://dx.doi.org/10.1007/JHEP07(2017)052}}

@article{Adam:2016rdg,
	Archiveprefix = {arXiv},
	Author = {Adam, Jaroslav and others},
	Collaboration = {ALICE},
	Doi = {10.1016/j.physletb.2016.12.064},
	Eprint = {1606.08197},
	Journal = {Phys. Lett.},
	Pages = {212-224},
	Primaryclass = {nucl-ex},
	Reportnumber = {CERN-EP-2016-162},
	Slaccitation = {%%CITATION = ARXIV:1606.08197;%%},
	Title = {{J/$\psi$ suppression at forward rapidity in Pb-Pb collisions at $\mathbf{\sqrt{s_{{\rm NN}}} = 5.02}$ TeV}},
	Volume = {B766},
	Year = {2017},
	Bdsk-Url-1 = {http://dx.doi.org/10.1016/j.physletb.2016.12.064}}

@article{ALICE:2017jyt,
	Archiveprefix = {arXiv},
	Author = {Adam, Jaroslav and others},
	Collaboration = {ALICE},
	Doi = {10.1038/nphys4111},
	Eprint = {1606.07424},
	Journal = {Nature Phys.},
	Pages = {535-539},
	Primaryclass = {nucl-ex},
	Reportnumber = {CERN-EP-2016-153},
	Slaccitation = {%%CITATION = ARXIV:1606.07424;%%},
	Title = {{Enhanced production of multi-strange hadrons in high-multiplicity proton-proton collisions}},
	Volume = {13},
	Year = {2017},
	Bdsk-Url-1 = {http://dx.doi.org/10.1038/nphys4111}}

@article{ALICE:2016clc,
	Archiveprefix = {arXiv},
	Author = {Adam, Jaroslav and others},
	Collaboration = {ALICE},
	Doi = {10.1140/epjc/s10052-017-4779-8},
	Eprint = {1605.06963},
	Journal = {Eur. Phys. J.},
	Number = {4},
	Pages = {245},
	Primaryclass = {nucl-ex},
	Reportnumber = {CERN-EP-2016-129},
	Slaccitation = {%%CITATION = ARXIV:1605.06963;%%},
	Title = {{Measurement of azimuthal correlations of D mesons and charged particles in pp collisions at $\sqrt{s}=7$ TeV and p-Pb collisions at $\sqrt{s_{\rm NN}}=5.02$ TeV}},
	Volume = {C77},
	Year = {2017},
	Bdsk-Url-1 = {http://dx.doi.org/10.1140/epjc/s10052-017-4779-8}}

@article{Milosevic:2016kpl,
	Archiveprefix = {arXiv},
	Author = {Adamov{\'a}, D. and others},
	Collaboration = {CERES NA45},
	Doi = {10.1016/j.nuclphysa.2016.08.002},
	Eprint = {1604.07469},
	Journal = {Nucl. Phys.},
	Pages = {99-108},
	Primaryclass = {nucl-ex},
	Slaccitation = {%%CITATION = ARXIV:1604.07469;%%},
	Title = {{Triangular flow of negative pions emitted in PbAu collisions at $\sqrt{s_{NN}}$ = $ 17.3~GeV}},
	Volume = {A957},
	Year = {2017},
	Bdsk-Url-1 = {http://dx.doi.org/10.1016/j.nuclphysa.2016.08.002}}

@article{Adam:2015gka,
	Archiveprefix = {arXiv},
	Author = {Adam, Jaroslav and others},
	Collaboration = {ALICE},
	Doi = {10.1140/epjc/s10052-016-4571-1},
	Eprint = {1509.07541},
	Journal = {Eur. Phys. J.},
	Number = {1},
	Pages = {33},
	Primaryclass = {nucl-ex},
	Reportnumber = {CERN-PH-EP-2015-259},
	Slaccitation = {%%CITATION = ARXIV:1509.07541;%%},
	Title = {{Charged-particle multiplicities in proton--proton collisions at $\sqrt{s} = 0.9$ to 8 TeV}},
	Volume = {C77},
	Year = {2017},
	Bdsk-Url-1 = {http://dx.doi.org/10.1140/epjc/s10052-016-4571-1}}

@article{Adam:2015jca,
	Archiveprefix = {arXiv},
	Author = {Adam, Jaroslav and others},
	Collaboration = {ALICE},
	Doi = {10.1016/j.physletb.2017.01.074},
	Eprint = {1506.09206},
	Journal = {Phys. Lett.},
	Pages = {203-217},
	Primaryclass = {nucl-ex},
	Reportnumber = {CERN-PH-EP-2015-161, ALICE-PUBLIC-2016-004},
	Slaccitation = {%%CITATION = ARXIV:1506.09206;%%},
	Title = {{$\phi$-meson production at forward rapidity in p-Pb collisions at $\sqrt{s_{\rm NN}}$ = 5.02 TeV and in pp collisions at $\sqrt{s}$ = 2.76 TeV}},
	Volume = {B768},
	Year = {2017},
	Bdsk-Url-1 = {http://dx.doi.org/10.1016/j.physletb.2017.01.074}}

@article{Adam:2015nna,
	Archiveprefix = {arXiv},
	Author = {Adam, Jaroslav and others},
	Collaboration = {ALICE},
	Doi = {10.1007/JHEP11(2015)205, 10.1007/JHEP06(2017)032},
	Eprint = {1506.06604},
	Journal = {JHEP},
	Note = {[Addendum: JHEP06,032(2017)]},
	Pages = {205},
	Primaryclass = {nucl-ex},
	Reportnumber = {CERN-PH-EP-2015-151},
	Slaccitation = {%%CITATION = ARXIV:1506.06604;%%},
	Title = {{Centrality dependence of high-p$_{T}$ D meson suppression in Pb-Pb collisions at $ \sqrt{s_{\mathrm{N}\mathrm{N}}}=2.76 $ TeV}},
	Volume = {11},
	Year = {2015},
	Bdsk-Url-1 = {http://dx.doi.org/10.1007/JHEP11(2015)205,%2010.1007/JHEP06(2017)032}}
