%% This BibTeX bibliography file was created using BibDesk.
%% http://bibdesk.sourceforge.net/


%% Created for Jan Rak at 2015-09-24 00:43:55 +0300 


%% Saved with string encoding Unicode (UTF-8) 



@article{Adare:2012bv,
	Archiveprefix = {arXiv},
	Author = {Adare, A. and others},
	Collaboration = {PHENIX},
	Doi = {10.1103/PhysRevC.87.044909},
	Eprint = {1211.4017},
	Journal = {Phys. Rev.},
	Pages = {044909},
	Primaryclass = {nucl-ex},
	Slaccitation = {%%CITATION = ARXIV:1211.4017;%%},
	Title = {{$\upsilon(1S+2S+3S)$ production in $d+$Au and $p+p$ collisions at $\sqrt{s_{NN}}=200$ GeV and cold-nuclear matter effects}},
	Volume = {C87},
	Year = {2013},
	Bdsk-Url-1 = {http://dx.doi.org/10.1103/PhysRevC.87.044909}}

@article{Adare:2012vv,
	Archiveprefix = {arXiv},
	Author = {Adare, A. and others},
	Collaboration = {PHENIX},
	Doi = {10.1103/PhysRevD.87.012011},
	Eprint = {1209.3278},
	Journal = {Phys. Rev.},
	Number = {1},
	Pages = {012011},
	Primaryclass = {hep-ex},
	Slaccitation = {%%CITATION = ARXIV:1209.3278;%%},
	Title = {{Double Spin Asymmetry of Electrons from Heavy Flavor Decays in $p+p$ Collisions at $\sqrt{s}=200$ GeV}},
	Volume = {D87},
	Year = {2013},
	Bdsk-Url-1 = {http://dx.doi.org/10.1103/PhysRevD.87.012011}}

@article{Adare:2012wf,
	Archiveprefix = {arXiv},
	Author = {Adare, A. and others},
	Collaboration = {PHENIX},
	Doi = {10.1103/PhysRevC.86.064901},
	Eprint = {1208.2251},
	Journal = {Phys. Rev.},
	Pages = {064901},
	Primaryclass = {nucl-ex},
	Slaccitation = {%%CITATION = ARXIV:1208.2251;%%},
	Title = {{$J/\psi$ suppression at forward rapidity in Au+Au collisions at $\sqrt{s_{NN}}=39$ and 62.4 GeV}},
	Volume = {C86},
	Year = {2012},
	Bdsk-Url-1 = {http://dx.doi.org/10.1103/PhysRevC.86.064901}}

@article{Afanasiev:2012dg,
	Archiveprefix = {arXiv},
	Author = {Afanasiev, S. and others},
	Collaboration = {PHENIX},
	Doi = {10.1103/PhysRevLett.109.152302},
	Eprint = {1205.5759},
	Journal = {Phys. Rev. Lett.},
	Pages = {152302},
	Primaryclass = {nucl-ex},
	Slaccitation = {%%CITATION = ARXIV:1205.5759;%%},
	Title = {{Measurement of Direct Photons in Au+Au Collisions at $\sqrt{s_{NN}} = 200$ GeV}},
	Volume = {109},
	Year = {2012},
	Bdsk-Url-1 = {http://dx.doi.org/10.1103/PhysRevLett.109.152302}}

@article{Adare:2012yt,
	Archiveprefix = {arXiv},
	Author = {Adare, A. and others},
	Collaboration = {PHENIX},
	Doi = {10.1103/PhysRevD.86.072008},
	Eprint = {1205.5533},
	Journal = {Phys. Rev.},
	Pages = {072008},
	Primaryclass = {hep-ex},
	Slaccitation = {%%CITATION = ARXIV:1205.5533;%%},
	Title = {{Direct-Photon Production in $p+p$ Collisions at $\sqrt{s}=200$ GeV at Midrapidity}},
	Volume = {D86},
	Year = {2012},
	Bdsk-Url-1 = {http://dx.doi.org/10.1103/PhysRevD.86.072008}}

@article{Adamova:2012md,
	Archiveprefix = {arXiv},
	Author = {Adamova, D. and others},
	Collaboration = {CERES},
	Doi = {10.1016/j.nuclphysa.2012.08.004},
	Eprint = {1205.3692},
	Journal = {Nucl. Phys.},
	Pages = {41-73},
	Primaryclass = {nucl-ex},
	Slaccitation = {%%CITATION = ARXIV:1205.3692;%%},
	Title = {{Elliptic flow of charged pions, protons and strange particles emitted in Pb+Au collisions at top SPS energy}},
	Volume = {A894},
	Year = {2012},
	Bdsk-Url-1 = {http://dx.doi.org/10.1016/j.nuclphysa.2012.08.004}}

@article{Adare:2012uk,
	Archiveprefix = {arXiv},
	Author = {Adare, A. and others},
	Collaboration = {PHENIX},
	Doi = {10.1103/PhysRevLett.109.152301},
	Eprint = {1204.1526},
	Journal = {Phys. Rev. Lett.},
	Pages = {152301},
	Primaryclass = {nucl-ex},
	Slaccitation = {%%CITATION = ARXIV:1204.1526;%%},
	Title = {{Evolution of $\pi^0$ suppression in Au+Au collisions from $\sqrt{s_{NN}} = 39$ to 200 GeV}},
	Volume = {109},
	Year = {2012},
	Bdsk-Url-1 = {http://dx.doi.org/10.1103/PhysRevLett.109.152301}}

@article{Adare:2012px,
	Archiveprefix = {arXiv},
	Author = {Adare, A. and others},
	Collaboration = {PHENIX},
	Doi = {10.1103/PhysRevC.86.024909},
	Eprint = {1204.0754},
	Journal = {Phys. Rev.},
	Pages = {024909},
	Primaryclass = {nucl-ex},
	Slaccitation = {%%CITATION = ARXIV:1204.0754;%%},
	Title = {{Nuclear-Modification Factor for Open-Heavy-Flavor Production at Forward Rapidity in Cu+Cu Collisions at $\sqrt{s_{NN}}=200$ GeV}},
	Volume = {C86},
	Year = {2012},
	Bdsk-Url-1 = {http://dx.doi.org/10.1103/PhysRevC.86.024909}}

@article{Adare:2012vq,
	Archiveprefix = {arXiv},
	Author = {Adare, A. and others},
	Collaboration = {PHENIX},
	Doi = {10.1103/PhysRevC.85.064914},
	Eprint = {1203.2644},
	Journal = {Phys. Rev.},
	Pages = {064914},
	Primaryclass = {nucl-ex},
	Slaccitation = {%%CITATION = ARXIV:1203.2644;%%},
	Title = {{Deviation from quark-number scaling of the anisotropy parameter $v_2$ of pions, kaons, and protons in Au+Au collisions at $\sqrt{s_{NN}} = 200$ GeV}},
	Volume = {C85},
	Year = {2012},
	Bdsk-Url-1 = {http://dx.doi.org/10.1103/PhysRevC.85.064914}}

@article{Adare:2012nq,
	Archiveprefix = {arXiv},
	Author = {Adare, A. and others},
	Collaboration = {PHENIX},
	Doi = {10.1103/PhysRevD.86.092006},
	Eprint = {1202.4020},
	Journal = {Phys. Rev.},
	Pages = {092006},
	Primaryclass = {hep-ex},
	Slaccitation = {%%CITATION = ARXIV:1202.4020;%%},
	Title = {{Cross sections and double-helicity asymmetries of midrapidity inclusive charged hadrons in $p+p$ collisions at $\sqrt{s}=62.4$ GeV}},
	Volume = {D86},
	Year = {2012},
	Bdsk-Url-1 = {http://dx.doi.org/10.1103/PhysRevD.86.092006}}

@article{Abelev:2012ej,
	Archiveprefix = {arXiv},
	Author = {Abelev, Betty and others},
	Collaboration = {ALICE},
	Doi = {10.1007/JHEP03(2012)053},
	Eprint = {1201.2423},
	Journal = {JHEP},
	Pages = {053},
	Primaryclass = {hep-ex},
	Reportnumber = {CERN-PH-EP-2012-002},
	Slaccitation = {%%CITATION = ARXIV:1201.2423;%%},
	Title = {{Measurement of Event Background Fluctuations for Charged Particle Jet Reconstruction in Pb-Pb collisions at $\sqrt{s_{NN}} = 2.76$ TeV}},
	Volume = {03},
	Year = {2012},
	Bdsk-Url-1 = {http://dx.doi.org/10.1007/JHEP03(2012)053}}

@article{ALICE:2011ac,
	Archiveprefix = {arXiv},
	Author = {Abelev, Betty and others},
	Collaboration = {ALICE},
	Doi = {10.1007/JHEP07(2012)116},
	Eprint = {1112.2082},
	Journal = {JHEP},
	Pages = {116},
	Primaryclass = {hep-ex},
	Reportnumber = {CERN-PH-EP-2011-204},
	Slaccitation = {%%CITATION = ARXIV:1112.2082;%%},
	Title = {{Underlying Event measurements in $pp$ collisions at $\sqrt{s}=0.9$ and 7 TeV with the ALICE experiment at the LHC}},
	Volume = {07},
	Year = {2012},
	Bdsk-Url-1 = {http://dx.doi.org/10.1007/JHEP07(2012)116}}

@article{ALICE:2011aa,
	Archiveprefix = {arXiv},
	Author = {Abelev, B. and others},
	Collaboration = {ALICE},
	Doi = {10.1007/JHEP01(2012)128},
	Eprint = {1111.1553},
	Journal = {JHEP},
	Pages = {128},
	Primaryclass = {hep-ex},
	Reportnumber = {CERN-PH-EP-2011-181},
	Slaccitation = {%%CITATION = ARXIV:1111.1553;%%},
	Title = {{Measurement of charm production at central rapidity in proton-proton collisions at $\sqrt{s} = 7$ TeV}},
	Volume = {01},
	Year = {2012},
	Bdsk-Url-1 = {http://dx.doi.org/10.1007/JHEP01(2012)128}}

@article{Abelev:2011md,
	Archiveprefix = {arXiv},
	Author = {Abelev, Betty and others},
	Collaboration = {ALICE},
	Doi = {10.1103/PhysRevLett.108.082001},
	Eprint = {1111.1630},
	Journal = {Phys. Rev. Lett.},
	Pages = {082001},
	Primaryclass = {hep-ex},
	Reportnumber = {CERN-PH-EP-2011-182},
	Slaccitation = {%%CITATION = ARXIV:1111.1630;%%},
	Title = {{$J/\psi$ polarization in $pp$ collisions at $\sqrt{s}=7$ TeV}},
	Volume = {108},
	Year = {2012},
	Bdsk-Url-1 = {http://dx.doi.org/10.1103/PhysRevLett.108.082001}}

@article{Aamodt:2011vg,
	Archiveprefix = {arXiv},
	Author = {Aamodt, K. and others},
	Collaboration = {ALICE},
	Doi = {10.1103/PhysRevLett.108.092301},
	Eprint = {1110.0121},
	Journal = {Phys. Rev. Lett.},
	Pages = {092301},
	Primaryclass = {nucl-ex},
	Reportnumber = {CERN-PH-EP-2011-161},
	Slaccitation = {%%CITATION = ARXIV:1110.0121;%%},
	Title = {{Particle-yield modification in jet-like azimuthal di-hadron correlations in Pb-Pb collisions at $\sqrt{s_{NN}} = 2.76$ TeV}},
	Volume = {108},
	Year = {2012},
	Bdsk-Url-1 = {http://dx.doi.org/10.1103/PhysRevLett.108.092301}}

@article{Aggarwal:2011ns,
	Archiveprefix = {arXiv},
	Author = {Aggarwal, M. M. and others},
	Collaboration = {WA98},
	Doi = {10.1016/j.nuclphysa.2012.11.010},
	Eprint = {1108.5400},
	Journal = {Nucl. Phys.},
	Pages = {14-23},
	Primaryclass = {nucl-ex},
	Slaccitation = {%%CITATION = ARXIV:1108.5400;%%},
	Title = {{Photon and Eta Production in p+Pb and p+C Collisions at $\sqrt{s_{NN}} = 17.4$ GeV}},
	Volume = {A898},
	Year = {2013},
	Bdsk-Url-1 = {http://dx.doi.org/10.1016/j.nuclphysa.2012.11.010}}

@article{Adare:2011sc,
	Archiveprefix = {arXiv},
	Author = {Adare, A. and others},
	Collaboration = {PHENIX},
	Doi = {10.1103/PhysRevLett.107.172301},
	Eprint = {1105.5112},
	Journal = {Phys. Rev. Lett.},
	Pages = {172301},
	Primaryclass = {nucl-ex},
	Slaccitation = {%%CITATION = ARXIV:1105.5112;%%},
	Title = {{Suppression of back-to-back hadron pairs at forward rapidity in $d+$Au Collisions at $\sqrt{s_{NN}}=200$ GeV}},
	Volume = {107},
	Year = {2011},
	Bdsk-Url-1 = {http://dx.doi.org/10.1103/PhysRevLett.107.172301}}

@article{Adare:2011zr,
	Archiveprefix = {arXiv},
	Author = {Adare, A. and others},
	Collaboration = {PHENIX},
	Doi = {10.1103/PhysRevLett.109.122302},
	Eprint = {1105.4126},
	Journal = {Phys. Rev. Lett.},
	Pages = {122302},
	Primaryclass = {nucl-ex},
	Slaccitation = {%%CITATION = ARXIV:1105.4126;%%},
	Title = {{Observation of direct-photon collective flow in $\sqrt{s_{NN}}=200$ GeV Au+Au collisions}},
	Volume = {109},
	Year = {2012},
	Bdsk-Url-1 = {http://dx.doi.org/10.1103/PhysRevLett.109.122302}}

@article{Adare:2011tg,
	Archiveprefix = {arXiv},
	Author = {Adare, A. and others},
	Collaboration = {PHENIX},
	Doi = {10.1103/PhysRevLett.107.252301},
	Eprint = {1105.3928},
	Journal = {Phys. Rev. Lett.},
	Pages = {252301},
	Primaryclass = {nucl-ex},
	Slaccitation = {%%CITATION = ARXIV:1105.3928;%%},
	Title = {{Measurements of Higher-Order Flow Harmonics in Au+Au Collisions at $\sqrt{s_{NN}} = 200$ GeV}},
	Volume = {107},
	Year = {2011},
	Bdsk-Url-1 = {http://dx.doi.org/10.1103/PhysRevLett.107.252301}}

@article{ALICE:2011ab,
	Archiveprefix = {arXiv},
	Author = {Aamodt, K. and others},
	Collaboration = {ALICE},
	Doi = {10.1103/PhysRevLett.107.032301},
	Eprint = {1105.3865},
	Journal = {Phys. Rev. Lett.},
	Pages = {032301},
	Primaryclass = {nucl-ex},
	Reportnumber = {CERN-PH-EP-2011-073},
	Slaccitation = {%%CITATION = ARXIV:1105.3865;%%},
	Title = {{Higher harmonic anisotropic flow measurements of charged particles in Pb-Pb collisions at $\sqrt{s_{NN}}$=2.76 TeV}},
	Volume = {107},
	Year = {2011},
	Bdsk-Url-1 = {http://dx.doi.org/10.1103/PhysRevLett.107.032301}}

@article{Adare:2011vq,
	Archiveprefix = {arXiv},
	Author = {Adare, A. and others},
	Collaboration = {PHENIX},
	Doi = {10.1103/PhysRevD.85.092004},
	Eprint = {1105.1966},
	Journal = {Phys. Rev.},
	Pages = {092004},
	Primaryclass = {hep-ex},
	Slaccitation = {%%CITATION = ARXIV:1105.1966;%%},
	Title = {{Ground and excited charmonium state production in $p+p$ collisions at $\sqrt{s}=200$ GeV}},
	Volume = {D85},
	Year = {2012},
	Bdsk-Url-1 = {http://dx.doi.org/10.1103/PhysRevD.85.092004}}

@article{Aamodt:2011gj,
	Archiveprefix = {arXiv},
	Author = {Aamodt, K. and others},
	Collaboration = {ALICE},
	Doi = {10.1016/j.physletb.2011.09.054, 10.1016/j.physletb.2012.10.060},
	Eprint = {1105.0380},
	Journal = {Phys. Lett.},
	Note = {[Erratum: Phys. Lett.B718,692(2012)]},
	Pages = {442-455},
	Primaryclass = {hep-ex},
	Reportnumber = {CERN-PH-EP-2011-057},
	Slaccitation = {%%CITATION = ARXIV:1105.0380;%%},
	Title = {{Rapidity and transverse momentum dependence of inclusive J/psi production in $pp$ collisions at $\sqrt{s} = 7$ TeV}},
	Volume = {B704},
	Year = {2011},
	Bdsk-Url-1 = {http://dx.doi.org/10.1016/j.physletb.2011.09.054,%2010.1016/j.physletb.2012.10.060}}

@article{Adare:2011yf,
	Archiveprefix = {arXiv},
	Author = {Adare, A. and others},
	Collaboration = {PHENIX},
	Doi = {10.1103/PhysRevC.84.054912},
	Eprint = {1103.6269},
	Journal = {Phys. Rev.},
	Pages = {054912},
	Primaryclass = {nucl-ex},
	Slaccitation = {%%CITATION = ARXIV:1103.6269;%%},
	Title = {{$J/\psi$ suppression at forward rapidity in Au+Au collisions at $\sqrt{s_{NN}}=200$ GeV}},
	Volume = {C84},
	Year = {2011},
	Bdsk-Url-1 = {http://dx.doi.org/10.1103/PhysRevC.84.054912}}

@article{Collaboration:2011rsa,
	Archiveprefix = {arXiv},
	Author = {Aggarwal, M. M. and others},
	Collaboration = {WA98},
	Doi = {10.1016/j.physletb.2011.06.003},
	Eprint = {1103.2489},
	Journal = {Phys. Lett.},
	Pages = {300-305},
	Primaryclass = {nucl-ex},
	Slaccitation = {%%CITATION = ARXIV:1103.2489;%%},
	Title = {{Event-by-event charged-neutral fluctuations in Pb+Pb collisions at 158 A~GeV}},
	Volume = {B701},
	Year = {2011},
	Bdsk-Url-1 = {http://dx.doi.org/10.1016/j.physletb.2011.06.003}}

@article{Adare:2011vy,
	Archiveprefix = {arXiv},
	Author = {Adare, A. and others},
	Collaboration = {PHENIX},
	Doi = {10.1103/PhysRevC.83.064903},
	Eprint = {1102.0753},
	Journal = {Phys. Rev.},
	Pages = {064903},
	Primaryclass = {nucl-ex},
	Slaccitation = {%%CITATION = ARXIV:1102.0753;%%},
	Title = {{Identified charged hadron production in $p+p$ collisions at $\sqrt{s}=200$ and 62.4 GeV}},
	Volume = {C83},
	Year = {2011},
	Bdsk-Url-1 = {http://dx.doi.org/10.1103/PhysRevC.83.064903}}

@article{Aamodt:2011zj,
	Archiveprefix = {arXiv},
	Author = {Aamodt, K. and others},
	Collaboration = {ALICE},
	Doi = {10.1140/epjc/s10052-011-1655-9},
	Eprint = {1101.4110},
	Journal = {Eur. Phys. J.},
	Pages = {1655},
	Primaryclass = {hep-ex},
	Reportnumber = {CERN-PH-EP-2010-085},
	Slaccitation = {%%CITATION = ARXIV:1101.4110;%%},
	Title = {{Production of pions, kaons and protons in $pp$ collisions at $\sqrt{s}= 900$ GeV with ALICE at the LHC}},
	Volume = {C71},
	Year = {2011},
	Bdsk-Url-1 = {http://dx.doi.org/10.1140/epjc/s10052-011-1655-9}}

@article{Aamodt:2011kd,
	Archiveprefix = {arXiv},
	Author = {Aamodt, K. and others},
	Collaboration = {ALICE},
	Doi = {10.1103/PhysRevD.84.112004},
	Eprint = {1101.3665},
	Journal = {Phys. Rev.},
	Pages = {112004},
	Primaryclass = {hep-ex},
	Reportnumber = {CERN-PH-EP-2010-083},
	Slaccitation = {%%CITATION = ARXIV:1101.3665;%%},
	Title = {{Femtoscopy of $pp$ collisions at $\sqrt{s}=0.9$ and 7 TeV at the LHC with two-pion Bose-Einstein correlations}},
	Volume = {D84},
	Year = {2011},
	Bdsk-Url-1 = {http://dx.doi.org/10.1103/PhysRevD.84.112004}}

@article{Aamodt:2011mr,
	Archiveprefix = {arXiv},
	Author = {Aamodt, K. and others},
	Collaboration = {ALICE},
	Doi = {10.1016/j.physletb.2010.12.053},
	Eprint = {1012.4035},
	Journal = {Phys. Lett.},
	Pages = {328-337},
	Primaryclass = {nucl-ex},
	Reportnumber = {CERN-PH-EP-ALICE-2010-006},
	Slaccitation = {%%CITATION = ARXIV:1012.4035;%%},
	Title = {{Two-pion Bose-Einstein correlations in central Pb-Pb collisions at $sqrt(s_NN)$ = 2.76 TeV}},
	Volume = {B696},
	Year = {2011},
	Bdsk-Url-1 = {http://dx.doi.org/10.1016/j.physletb.2010.12.053}}

@article{Aamodt:2011zza,
	Archiveprefix = {arXiv},
	Author = {Aamodt, K. and others},
	Collaboration = {ALICE},
	Doi = {10.1140/epjc/s10052-011-1594-5},
	Eprint = {1012.3257},
	Journal = {Eur. Phys. J.},
	Pages = {1594},
	Primaryclass = {hep-ex},
	Reportnumber = {CERN-PH-EP-2010-065},
	Slaccitation = {%%CITATION = ARXIV:1012.3257;%%},
	Title = {{Strange particle production in proton-proton collisions at sqrt(s) = 0.9 TeV with ALICE at the LHC}},
	Volume = {C71},
	Year = {2011},
	Bdsk-Url-1 = {http://dx.doi.org/10.1140/epjc/s10052-011-1594-5}}

@article{Aamodt:2010cz,
	Archiveprefix = {arXiv},
	Author = {Aamodt, Kenneth and others},
	Collaboration = {ALICE},
	Doi = {10.1103/PhysRevLett.106.032301},
	Eprint = {1012.1657},
	Journal = {Phys. Rev. Lett.},
	Pages = {032301},
	Primaryclass = {nucl-ex},
	Slaccitation = {%%CITATION = ARXIV:1012.1657;%%},
	Title = {{Centrality dependence of the charged-particle multiplicity density at mid-rapidity in Pb-Pb collisions at $\sqrt{s_{NN}}=2.76$ TeV}},
	Volume = {106},
	Year = {2011},
	Bdsk-Url-1 = {http://dx.doi.org/10.1103/PhysRevLett.106.032301}}

@article{Aamodt:2010jd,
	Archiveprefix = {arXiv},
	Author = {Aamodt, K. and others},
	Collaboration = {ALICE},
	Doi = {10.1016/j.physletb.2010.12.020},
	Eprint = {1012.1004},
	Journal = {Phys. Lett.},
	Pages = {30-39},
	Primaryclass = {nucl-ex},
	Reportnumber = {CERN-PH-EP-ALICE-2010-004},
	Slaccitation = {%%CITATION = ARXIV:1012.1004;%%},
	Title = {{Suppression of Charged Particle Production at Large Transverse Momentum in Central Pb--Pb Collisions at $\sqrt{s_{NN}} = 2.76$ TeV}},
	Volume = {B696},
	Year = {2011},
	Bdsk-Url-1 = {http://dx.doi.org/10.1016/j.physletb.2010.12.020}}

@article{Aamodt:2010pa,
	Archiveprefix = {arXiv},
	Author = {Aamodt, K and others},
	Collaboration = {ALICE},
	Doi = {10.1103/PhysRevLett.105.252302},
	Eprint = {1011.3914},
	Journal = {Phys. Rev. Lett.},
	Pages = {252302},
	Primaryclass = {nucl-ex},
	Slaccitation = {%%CITATION = ARXIV:1011.3914;%%},
	Title = {{Elliptic flow of charged particles in Pb-Pb collisions at 2.76 TeV}},
	Volume = {105},
	Year = {2010},
	Bdsk-Url-1 = {http://dx.doi.org/10.1103/PhysRevLett.105.252302}}

@article{Aamodt:2010pb,
	Archiveprefix = {arXiv},
	Author = {Aamodt, K and others},
	Collaboration = {ALICE},
	Doi = {10.1103/PhysRevLett.105.252301},
	Eprint = {1011.3916},
	Journal = {Phys. Rev. Lett.},
	Pages = {252301},
	Primaryclass = {nucl-ex},
	Slaccitation = {%%CITATION = ARXIV:1011.3916;%%},
	Title = {{Charged-particle multiplicity density at mid-rapidity in central Pb-Pb collisions at $\sqrt{s_{NN}} = 2.76$ TeV}},
	Volume = {105},
	Year = {2010},
	Bdsk-Url-1 = {http://dx.doi.org/10.1103/PhysRevLett.105.252301}}

@article{Adare:2010ud,
	Archiveprefix = {arXiv},
	Author = {Adare, A. and others},
	Collaboration = {PHENIX},
	Doi = {10.1103/PhysRevC.83.044912},
	Eprint = {1011.1477},
	Journal = {Phys. Rev.},
	Pages = {044912},
	Primaryclass = {nucl-ex},
	Slaccitation = {%%CITATION = ARXIV:1011.1477;%%},
	Title = {{Azimuthal correlations of electrons from heavy-flavor decay with hadrons in $p^+ p$ and Au+Au collisions at $\sqrt{s_{NN}}=200$ GeV}},
	Volume = {C83},
	Year = {2011},
	Bdsk-Url-1 = {http://dx.doi.org/10.1103/PhysRevC.83.044912}}

@article{Adare:2010mq,
	Archiveprefix = {arXiv},
	Author = {Adare, A. and others},
	Collaboration = {PHENIX},
	Doi = {10.1103/PhysRevC.84.024904},
	Eprint = {1010.1521},
	Journal = {Phys. Rev.},
	Pages = {024904},
	Primaryclass = {nucl-ex},
	Slaccitation = {%%CITATION = ARXIV:1010.1521;%%},
	Title = {{Suppression of away-side jet fragments with respect to the reaction plane in Au+Au collisions at $\sqrt{s_{NN}}=200$ GeV}},
	Volume = {C84},
	Year = {2011},
	Bdsk-Url-1 = {http://dx.doi.org/10.1103/PhysRevC.84.024904}}

@article{Adare:2010fn,
	Archiveprefix = {arXiv},
	Author = {Adare, A. and others},
	Collaboration = {PHENIX},
	Doi = {10.1103/PhysRevLett.107.142301},
	Eprint = {1010.1246},
	Journal = {Phys. Rev. Lett.},
	Pages = {142301},
	Primaryclass = {nucl-ex},
	Slaccitation = {%%CITATION = ARXIV:1010.1246;%%},
	Title = {{Cold Nuclear Matter Effects on $J/\psi$ Yields as a Function of Rapidity and Nuclear Geometry in Deuteron-Gold Collisions at $\sqrt{s_{NN}}=200$ GeV}},
	Volume = {107},
	Year = {2011},
	Bdsk-Url-1 = {http://dx.doi.org/10.1103/PhysRevLett.107.142301}}

@article{Adare:2010cy,
	Archiveprefix = {arXiv},
	Author = {Adare, A. and others},
	Collaboration = {PHENIX},
	Doi = {10.1103/PhysRevD.83.032001},
	Eprint = {1009.6224},
	Journal = {Phys. Rev.},
	Pages = {032001},
	Primaryclass = {hep-ex},
	Slaccitation = {%%CITATION = ARXIV:1009.6224;%%},
	Title = {{Cross section and double helicity asymmetry for $\eta$ mesons and their comparison to neutral pion production in p+p collisions at $sqrt(s)=200 GeV$}},
	Volume = {D83},
	Year = {2011},
	Bdsk-Url-1 = {http://dx.doi.org/10.1103/PhysRevD.83.032001}}

@article{Adare:2010bd,
	Archiveprefix = {arXiv},
	Author = {Adare, A. and others},
	Collaboration = {PHENIX},
	Doi = {10.1103/PhysRevD.82.112008, 10.1103/PhysRevD.86.099904},
	Eprint = {1009.4864},
	Journal = {Phys. Rev.},
	Note = {[Erratum: Phys. Rev.D86,099904(2012)]},
	Pages = {112008},
	Primaryclass = {hep-ex},
	Reportnumber = {arXiv:1210.6683},
	Slaccitation = {%%CITATION = ARXIV:1009.4864;%%},
	Title = {{Measurement of Transverse Single-Spin Asymmetries for $J/\psi$ Production in Polarized $p+p$ Collisions at $\sqrt{s} = 200$ GeV}},
	Volume = {D82},
	Year = {2010},
	Bdsk-Url-1 = {http://dx.doi.org/10.1103/PhysRevD.82.112008,%2010.1103/PhysRevD.86.099904}}

@article{Adare:2010cc,
	Archiveprefix = {arXiv},
	Author = {Adare, A. and others},
	Collaboration = {PHENIX},
	Doi = {10.1103/PhysRevD.84.012006},
	Eprint = {1009.4921},
	Journal = {Phys. Rev.},
	Pages = {012006},
	Primaryclass = {hep-ex},
	Slaccitation = {%%CITATION = ARXIV:1009.4921;%%},
	Title = {{Event Structure and Double Helicity Asymmetry in Jet Production from Polarized $p+p$ Collisions at $\sqrt{s} = 200$~GeV}},
	Volume = {D84},
	Year = {2011},
	Bdsk-Url-1 = {http://dx.doi.org/10.1103/PhysRevD.84.012006}}

@article{Adare:2010xa,
	Archiveprefix = {arXiv},
	Author = {Adare, A. and others},
	Collaboration = {PHENIX},
	Doi = {10.1103/PhysRevLett.106.062001},
	Eprint = {1009.0505},
	Journal = {Phys. Rev. Lett.},
	Pages = {062001},
	Primaryclass = {hep-ex},
	Slaccitation = {%%CITATION = ARXIV:1009.0505;%%},
	Title = {{Cross Section and Parity Violating Spin Asymmetries of $W^\pm$ Boson Production in Polarized $p+p$ Collisions at $\sqrt{s}=500$ GeV}},
	Volume = {106},
	Year = {2011},
	Bdsk-Url-1 = {http://dx.doi.org/10.1103/PhysRevLett.106.062001}}

@article{Aamodt:2010jj,
	Archiveprefix = {arXiv},
	Author = {Aamodt, K and others},
	Collaboration = {ALICE},
	Doi = {10.1103/PhysRevD.82.052001},
	Eprint = {1007.0516},
	Journal = {Phys. Rev.},
	Pages = {052001},
	Primaryclass = {hep-ex},
	Slaccitation = {%%CITATION = ARXIV:1007.0516;%%},
	Title = {{Two-pion Bose-Einstein correlations in $pp$ collisions at $\sqrt{s}=900$ GeV}},
	Volume = {D82},
	Year = {2010},
	Bdsk-Url-1 = {http://dx.doi.org/10.1103/PhysRevD.82.052001}}

@article{Aamodt:2010my,
	Archiveprefix = {arXiv},
	Author = {Aamodt, K and others},
	Collaboration = {ALICE},
	Doi = {10.1016/j.physletb.2010.08.026},
	Eprint = {1007.0719},
	Journal = {Phys. Lett.},
	Pages = {53-68},
	Primaryclass = {hep-ex},
	Slaccitation = {%%CITATION = ARXIV:1007.0719;%%},
	Title = {{Transverse momentum spectra of charged particles in proton-proton collisions at $\sqrt{s} = 900$~GeV with ALICE at the LHC}},
	Volume = {B693},
	Year = {2010},
	Bdsk-Url-1 = {http://dx.doi.org/10.1016/j.physletb.2010.08.026}}

@article{Aamodt:2010dx,
	Archiveprefix = {arXiv},
	Author = {Aamodt, K. and others},
	Collaboration = {ALICE},
	Doi = {10.1103/PhysRevLett.105.072002},
	Eprint = {1006.5432},
	Journal = {Phys. Rev. Lett.},
	Pages = {072002},
	Primaryclass = {hep-ex},
	Slaccitation = {%%CITATION = ARXIV:1006.5432;%%},
	Title = {{Midrapidity antiproton-to-proton ratio in pp collisions at $\sqrt{s} = 0.9$ and $7$~TeV measured by the ALICE experiment}},
	Volume = {105},
	Year = {2010},
	Bdsk-Url-1 = {http://dx.doi.org/10.1103/PhysRevLett.105.072002}}

@article{Adare:2010sp,
	Archiveprefix = {arXiv},
	Author = {Adare, A. and others},
	Collaboration = {PHENIX},
	Doi = {10.1103/PhysRevLett.105.142301},
	Eprint = {1006.3740},
	Journal = {Phys. Rev. Lett.},
	Pages = {142301},
	Primaryclass = {nucl-ex},
	Slaccitation = {%%CITATION = ARXIV:1006.3740;%%},
	Title = {{Azimuthal anisotropy of neutral pion production in Au+Au collisions at $\sqrt(s_NN)$ = 200 GeV: Path-length dependence of jet quenching and the role of initial geometry}},
	Volume = {105},
	Year = {2010},
	Bdsk-Url-1 = {http://dx.doi.org/10.1103/PhysRevLett.105.142301}}

@article{Adare:2010yw,
	Archiveprefix = {arXiv},
	Author = {Adare, A. and others},
	Collaboration = {PHENIX},
	Doi = {10.1103/PhysRevD.82.072001},
	Eprint = {1006.1347},
	Journal = {Phys. Rev.},
	Pages = {072001},
	Primaryclass = {hep-ex},
	Slaccitation = {%%CITATION = ARXIV:1006.1347;%%},
	Title = {{High $p_T$ direct photon and $\pi^0$ triggered azimuthal jet correlations and measurement of $k_T$ for isolated direct photons in $p+p$ collisions at $sqrt{s}=200$ GeV}},
	Volume = {D82},
	Year = {2010},
	Bdsk-Url-1 = {http://dx.doi.org/10.1103/PhysRevD.82.072001}}

@article{Adare:2010dc,
	Archiveprefix = {arXiv},
	Author = {Adare, A. and others},
	Collaboration = {PHENIX},
	Doi = {10.1103/PhysRevC.82.011902},
	Eprint = {1005.4916},
	Journal = {Phys. Rev.},
	Pages = {011902},
	Primaryclass = {nucl-ex},
	Slaccitation = {%%CITATION = ARXIV:1005.4916;%%},
	Title = {{Transverse momentum dependence of meson suppression $\eta$ suppression in Au+Au collisions at $\sqrt{s_{NN}}$ = 200 GeV}},
	Volume = {C82},
	Year = {2010},
	Bdsk-Url-1 = {http://dx.doi.org/10.1103/PhysRevC.82.011902}}

@article{Adare:2010fe,
	Archiveprefix = {arXiv},
	Author = {Adare, A. and others},
	Collaboration = {PHENIX},
	Doi = {10.1103/PhysRevD.83.052004},
	Eprint = {1005.3674},
	Journal = {Phys. Rev.},
	Pages = {052004},
	Primaryclass = {hep-ex},
	Slaccitation = {%%CITATION = ARXIV:1005.3674;%%},
	Title = {{Measurement of neutral mesons in p+p collisions at $\sqrt(s)$= 200 GeV and scaling properties of hadron production}},
	Volume = {D83},
	Year = {2011},
	Bdsk-Url-1 = {http://dx.doi.org/10.1103/PhysRevD.83.052004}}

@article{Adare:2010de,
	Archiveprefix = {arXiv},
	Author = {Adare, A. and others},
	Collaboration = {PHENIX},
	Doi = {10.1103/PhysRevC.84.044905},
	Eprint = {1005.1627},
	Journal = {Phys. Rev.},
	Pages = {044905},
	Primaryclass = {nucl-ex},
	Slaccitation = {%%CITATION = ARXIV:1005.1627;%%},
	Title = {{Heavy Quark Production in $p+p$ and Energy Loss and Flow of Heavy Quarks in Au+Au Collisions at $\sqrt{s_{NN}}=200$ GeV}},
	Volume = {C84},
	Year = {2011},
	Bdsk-Url-1 = {http://dx.doi.org/10.1103/PhysRevC.84.044905}}

@article{Aamodt:2010pp,
	Archiveprefix = {arXiv},
	Author = {Aamodt, K. and others},
	Collaboration = {ALICE},
	Doi = {10.1140/epjc/s10052-010-1350-2},
	Eprint = {1004.3514},
	Journal = {Eur. Phys. J.},
	Pages = {345-354},
	Primaryclass = {hep-ex},
	Slaccitation = {%%CITATION = ARXIV:1004.3514;%%},
	Title = {{Charged-particle multiplicity measurement in proton-proton collisions at $\sqrt{s}=7$ TeV with ALICE at LHC}},
	Volume = {C68},
	Year = {2010},
	Bdsk-Url-1 = {http://dx.doi.org/10.1140/epjc/s10052-010-1350-2}}

@article{Adare:2010pt,
	Archiveprefix = {arXiv},
	Author = {Adare, A. and others},
	Collaboration = {PHENIX},
	Doi = {10.1103/PhysRevC.83.024909},
	Eprint = {1004.3532},
	Journal = {Phys. Rev.},
	Pages = {024909},
	Primaryclass = {nucl-ex},
	Slaccitation = {%%CITATION = ARXIV:1004.3532;%%},
	Title = {{Nuclear modification factors of $\phi$ mesons in $d+$Au, Cu+Cu and Au+Au collisions at sqrt(S_NN) =200 GeV}},
	Volume = {C83},
	Year = {2011},
	Bdsk-Url-1 = {http://dx.doi.org/10.1103/PhysRevC.83.024909}}

@article{Aamodt:2010ft,
	Archiveprefix = {arXiv},
	Author = {Aamodt, K. and others},
	Collaboration = {ALICE},
	Doi = {10.1140/epjc/s10052-010-1339-x},
	Eprint = {1004.3034},
	Journal = {Eur. Phys. J.},
	Pages = {89-108},
	Primaryclass = {hep-ex},
	Slaccitation = {%%CITATION = ARXIV:1004.3034;%%},
	Title = {{Charged-particle multiplicity measurement in proton-proton collisions at $\sqrt{s}=0.9$ and 2.36 TeV with ALICE at LHC}},
	Volume = {C68},
	Year = {2010},
	Bdsk-Url-1 = {http://dx.doi.org/10.1140/epjc/s10052-010-1339-x}}

@article{Adare:2010ux,
	Archiveprefix = {arXiv},
	Author = {Adare, A. and others},
	Collaboration = {PHENIX},
	Doi = {10.1103/PhysRevLett.105.062301},
	Eprint = {1003.5586},
	Journal = {Phys. Rev. Lett.},
	Pages = {062301},
	Primaryclass = {nucl-ex},
	Slaccitation = {%%CITATION = ARXIV:1003.5586;%%},
	Title = {{Elliptic and hexadecapole flow of charged hadrons in Au+Au collisions at $\sqrt{s_{NN}}=200$ GeV}},
	Volume = {105},
	Year = {2010},
	Bdsk-Url-1 = {http://dx.doi.org/10.1103/PhysRevLett.105.062301}}

@article{Adare:2010ry,
	Archiveprefix = {arXiv},
	Author = {Adare, A. and others},
	Collaboration = {PHENIX},
	Doi = {10.1103/PhysRevLett.104.252301},
	Eprint = {1002.1077},
	Journal = {Phys. Rev. Lett.},
	Pages = {252301},
	Primaryclass = {nucl-ex},
	Slaccitation = {%%CITATION = ARXIV:1002.1077;%%},
	Title = {{Trends in Yield and Azimuthal Shape Modification in Dihadron Correlations in Relativistic Heavy Ion Collisions}},
	Volume = {104},
	Year = {2010},
	Bdsk-Url-1 = {http://dx.doi.org/10.1103/PhysRevLett.104.252301}}

@article{Adare:2009js,
	Archiveprefix = {arXiv},
	Author = {Adare, A. and others},
	Collaboration = {PHENIX},
	Doi = {10.1103/PhysRevD.82.012001},
	Eprint = {0912.2082},
	Journal = {Phys. Rev.},
	Pages = {012001},
	Primaryclass = {hep-ex},
	Slaccitation = {%%CITATION = ARXIV:0912.2082;%%},
	Title = {{Transverse momentum dependence of J/psi polarization at midrapidity in p+p collisions at s**(1/2) = 200-GeV}},
	Volume = {D82},
	Year = {2010},
	Bdsk-Url-1 = {http://dx.doi.org/10.1103/PhysRevD.82.012001}}

@article{Allen:2009aa,
	Archiveprefix = {arXiv},
	Author = {Allen, J. and others},
	Collaboration = {ALICE EMCal},
	Doi = {10.1016/j.nima.2009.12.061},
	Eprint = {0912.2005},
	Journal = {Nucl. Instrum. Meth.},
	Pages = {6-13},
	Primaryclass = {physics.ins-det},
	Slaccitation = {%%CITATION = ARXIV:0912.2005;%%},
	Title = {{Performance of prototypes for the ALICE electromagnetic calorimeter}},
	Volume = {A615},
	Year = {2010},
	Bdsk-Url-1 = {http://dx.doi.org/10.1016/j.nima.2009.12.061}}

@article{Adare:2009qk,
	Archiveprefix = {arXiv},
	Author = {Adare, A. and others},
	Collaboration = {PHENIX},
	Doi = {10.1103/PhysRevC.81.034911},
	Eprint = {0912.0244},
	Journal = {Phys. Rev.},
	Pages = {034911},
	Primaryclass = {nucl-ex},
	Slaccitation = {%%CITATION = ARXIV:0912.0244;%%},
	Title = {{Detailed measurement of the $e^+ e^-$ pair continuum in $p+p$ and Au+Au collisions at $\sqrt{s_{NN}} = 200$ GeV and implications for direct photon production}},
	Volume = {C81},
	Year = {2010},
	Bdsk-Url-1 = {http://dx.doi.org/10.1103/PhysRevC.81.034911}}

@article{Aamodt:2009aa,
	Archiveprefix = {arXiv},
	Author = {Aamodt, K and others},
	Collaboration = {ALICE},
	Doi = {10.1140/epjc/s10052-009-1227-4},
	Eprint = {0911.5430},
	Journal = {Eur. Phys. J.},
	Pages = {111-125},
	Primaryclass = {hep-ex},
	Slaccitation = {%%CITATION = ARXIV:0911.5430;%%},
	Title = {{First proton-proton collisions at the LHC as observed with the ALICE detector: Measurement of the charged particle pseudorapidity density at s**(1/2) = 900-GeV}},
	Volume = {C65},
	Year = {2010},
	Bdsk-Url-1 = {http://dx.doi.org/10.1140/epjc/s10052-009-1227-4}}

@article{Adare:2009aa,
	Archiveprefix = {arXiv},
	Author = {Adare, A. and others},
	Collaboration = {PHENIX},
	Doi = {10.1103/PhysRevD.81.012002},
	Eprint = {0910.1029},
	Journal = {Phys. Rev.},
	Pages = {012002},
	Primaryclass = {hep-ex},
	Slaccitation = {%%CITATION = ARXIV:0910.1029;%%},
	Title = {{Double-Helicity Dependence of Jet Properties from Dihadrons in Longitudinally Polarized $p+p$~Collisions at $\sqrt{s}$~=~200~GeV}},
	Volume = {D81},
	Year = {2010},
	Bdsk-Url-1 = {http://dx.doi.org/10.1103/PhysRevD.81.012002}}

@article{Afanasiev:2009wq,
	Archiveprefix = {arXiv},
	Author = {Afanasiev, S. and others},
	Collaboration = {PHENIX},
	Doi = {10.1103/PhysRevC.80.024909},
	Eprint = {0905.1070},
	Journal = {Phys. Rev.},
	Pages = {024909},
	Primaryclass = {nucl-ex},
	Slaccitation = {%%CITATION = ARXIV:0905.1070;%%},
	Title = {{Systematic Studies of Elliptic Flow Measurements in Au+Au Collisions at s**(1/2) = 200-GeV}},
	Volume = {C80},
	Year = {2009},
	Bdsk-Url-1 = {http://dx.doi.org/10.1103/PhysRevC.80.024909}}

@article{Adamova:2009ah,
	Archiveprefix = {arXiv},
	Author = {Adamova, D. and others},
	Collaboration = {CERES},
	Doi = {10.1016/j.physletb.2009.05.048},
	Eprint = {0904.2973},
	Journal = {Phys. Lett.},
	Pages = {259-263},
	Primaryclass = {nucl-ex},
	Slaccitation = {%%CITATION = ARXIV:0904.2973;%%},
	Title = {{Modification of jet-like correlations in Pb-Au collisions at 158A-GeV/c}},
	Volume = {B678},
	Year = {2009},
	Bdsk-Url-1 = {http://dx.doi.org/10.1016/j.physletb.2009.05.048}}

@article{Afanasiev:2009aa,
	Archiveprefix = {arXiv},
	Author = {Afanasiev, S. and others},
	Collaboration = {PHENIX},
	Doi = {10.1103/PhysRevC.80.054907},
	Eprint = {0903.4886},
	Journal = {Phys. Rev.},
	Pages = {054907},
	Primaryclass = {nucl-ex},
	Slaccitation = {%%CITATION = ARXIV:0903.4886;%%},
	Title = {{High-pT pi0 Production with Respect to the Reaction Plane in Au + Au Collisions at s(NN)**(1/2) = 200-GeV}},
	Volume = {C80},
	Year = {2009},
	Bdsk-Url-1 = {http://dx.doi.org/10.1103/PhysRevC.80.054907}}

@article{Afanasiev:2009ii,
	Archiveprefix = {arXiv},
	Author = {Afanasiev, S. and others},
	Collaboration = {PHENIX},
	Doi = {10.1103/PhysRevLett.103.142301},
	Eprint = {0903.4863},
	Journal = {Phys. Rev. Lett.},
	Pages = {142301},
	Primaryclass = {nucl-ex},
	Slaccitation = {%%CITATION = ARXIV:0903.4863;%%},
	Title = {{Kaon interferometric probes of space-time evolution in Au+Au collisions at s(NN)**(1/2) = 200-GeV}},
	Volume = {103},
	Year = {2009},
	Bdsk-Url-1 = {http://dx.doi.org/10.1103/PhysRevLett.103.142301}}

@article{Adare:2009ic,
	Archiveprefix = {arXiv},
	Author = {Adare, A. and others},
	Collaboration = {PHENIX},
	Doi = {10.1103/PhysRevLett.103.082002},
	Eprint = {0903.4851},
	Journal = {Phys. Rev. Lett.},
	Pages = {082002},
	Primaryclass = {hep-ex},
	Slaccitation = {%%CITATION = ARXIV:0903.4851;%%},
	Title = {{Measurement of Bottom versus Charm as a Function of Transverse Momentum with Electron-Hadron Correlations in $p^+ p$ Collisions at $\sqrt{s}=200$ GeV}},
	Volume = {103},
	Year = {2009},
	Bdsk-Url-1 = {http://dx.doi.org/10.1103/PhysRevLett.103.082002}}

@article{Adare:2009vd,
	Archiveprefix = {arXiv},
	Author = {Adare, A. and others},
	Collaboration = {PHENIX},
	Doi = {10.1103/PhysRevC.80.024908},
	Eprint = {0903.3399},
	Journal = {Phys. Rev.},
	Pages = {024908},
	Primaryclass = {nucl-ex},
	Slaccitation = {%%CITATION = ARXIV:0903.3399;%%},
	Title = {{Photon-Hadron Jet Correlations in p+p and Au+Au Collisions at s**(1/2) = 200-GeV}},
	Volume = {C80},
	Year = {2009},
	Bdsk-Url-1 = {http://dx.doi.org/10.1103/PhysRevC.80.024908}}

@article{Afanasiev:2009hy,
	Archiveprefix = {arXiv},
	Author = {Afanasiev, S. and others},
	Collaboration = {PHENIX},
	Doi = {10.1016/j.physletb.2009.07.061},
	Eprint = {0903.2041},
	Journal = {Phys. Lett.},
	Pages = {321-329},
	Primaryclass = {nucl-ex},
	Slaccitation = {%%CITATION = ARXIV:0903.2041;%%},
	Title = {{Photoproduction of J/psi and of high mass e+e- in ultra-peripheral Au+Au collisions at s**(1/2) = 200-GeV}},
	Volume = {B679},
	Year = {2009},
	Bdsk-Url-1 = {http://dx.doi.org/10.1016/j.physletb.2009.07.061}}

@article{Adare:2008qb,
	Archiveprefix = {arXiv},
	Author = {Adare, A. and others},
	Collaboration = {PHENIX},
	Doi = {10.1103/PhysRevD.79.012003},
	Eprint = {0810.0701},
	Journal = {Phys. Rev.},
	Pages = {012003},
	Primaryclass = {hep-ex},
	Slaccitation = {%%CITATION = ARXIV:0810.0701;%%},
	Title = {{Inclusive cross section and double helicity asymmetry for pi^0 production in $p^+ p$ collisions at $\sqrt{s}=62.4$ GeV}},
	Volume = {D79},
	Year = {2009},
	Bdsk-Url-1 = {http://dx.doi.org/10.1103/PhysRevD.79.012003}}

@article{Adare:2008aa,
	Archiveprefix = {arXiv},
	Author = {Adare, A. and others},
	Collaboration = {PHENIX},
	Doi = {10.1103/PhysRevLett.103.012003},
	Eprint = {0810.0694},
	Journal = {Phys. Rev. Lett.},
	Pages = {012003},
	Primaryclass = {hep-ex},
	Slaccitation = {%%CITATION = ARXIV:0810.0694;%%},
	Title = {{The Polarized gluon contribution to the proton spin from the double helicity asymmetry in inclusive pi0 production in polarized p + p collisions at s**(1/2) = 200-GeV}},
	Volume = {103},
	Year = {2009},
	Bdsk-Url-1 = {http://dx.doi.org/10.1103/PhysRevLett.103.012003}}

@article{Adamova:2008hs,
	Archiveprefix = {arXiv},
	Author = {Adamova, D. and others},
	Collaboration = {CERES},
	Doi = {10.1103/PhysRevC.78.064901},
	Eprint = {0805.2484},
	Journal = {Phys. Rev.},
	Pages = {064901},
	Primaryclass = {nucl-ex},
	Slaccitation = {%%CITATION = ARXIV:0805.2484;%%},
	Title = {{Azimuthal dependence of pion source radii in Pb+Au collisions at 158-A-GeV}},
	Volume = {C78},
	Year = {2008},
	Bdsk-Url-1 = {http://dx.doi.org/10.1103/PhysRevC.78.064901}}

@article{Adare:2008ns,
	Archiveprefix = {arXiv},
	Author = {Adare, A. and others},
	Collaboration = {PHENIX},
	Doi = {10.1103/PhysRevC.78.044902},
	Eprint = {0805.1521},
	Journal = {Phys. Rev.},
	Pages = {044902},
	Primaryclass = {nucl-ex},
	Slaccitation = {%%CITATION = ARXIV:0805.1521;%%},
	Title = {{Charged hadron multiplicity fluctuations in Au+Au and Cu+Cu collisions from $\sqrt{s_{NN}}=22.5$ to 200 GeV}},
	Volume = {C78},
	Year = {2008},
	Bdsk-Url-1 = {http://dx.doi.org/10.1103/PhysRevC.78.044902}}

@article{Adare:2008ab,
	Archiveprefix = {arXiv},
	Author = {Adare, A. and others},
	Collaboration = {PHENIX},
	Doi = {10.1103/PhysRevLett.104.132301},
	Eprint = {0804.4168},
	Journal = {Phys. Rev. Lett.},
	Pages = {132301},
	Primaryclass = {nucl-ex},
	Slaccitation = {%%CITATION = ARXIV:0804.4168;%%},
	Title = {{Enhanced production of direct photons in Au+Au collisions at $\sqrt{s_{NN}}=200$ GeV and implications for the initial temperature}},
	Volume = {104},
	Year = {2010},
	Bdsk-Url-1 = {http://dx.doi.org/10.1103/PhysRevLett.104.132301}}

@article{Adamova:2008sx,
	Archiveprefix = {arXiv},
	Author = {Adamova, D. and others},
	Collaboration = {CERES},
	Doi = {10.1016/j.nuclphysa.2008.07.014},
	Eprint = {0803.2407},
	Journal = {Nucl. Phys.},
	Pages = {179-196},
	Primaryclass = {nucl-ex},
	Slaccitation = {%%CITATION = ARXIV:0803.2407;%%},
	Title = {{Scale-dependence of transverse momentum correlations in Pb-Au collisions at 158A-GeV/c}},
	Volume = {A811},
	Year = {2008},
	Bdsk-Url-1 = {http://dx.doi.org/10.1016/j.nuclphysa.2008.07.014}}

@article{Adare:2008ac,
	Archiveprefix = {arXiv},
	Author = {Adare, A. and others},
	Collaboration = {PHENIX},
	Doi = {10.1016/j.physletb.2008.10.064},
	Eprint = {0802.0050},
	Journal = {Phys. Lett.},
	Pages = {313-320},
	Primaryclass = {hep-ex},
	Slaccitation = {%%CITATION = ARXIV:0802.0050;%%},
	Title = {{Dilepton mass spectra in p+p collisions at s**(1/2) = 200-GeV and the contribution from open charm}},
	Volume = {B670},
	Year = {2009},
	Bdsk-Url-1 = {http://dx.doi.org/10.1016/j.physletb.2008.10.064}}

@article{Adare:2008qa,
	Archiveprefix = {arXiv},
	Author = {Adare, A. and others},
	Collaboration = {PHENIX},
	Doi = {10.1103/PhysRevLett.101.232301},
	Eprint = {0801.4020},
	Journal = {Phys. Rev. Lett.},
	Pages = {232301},
	Primaryclass = {nucl-ex},
	Slaccitation = {%%CITATION = ARXIV:0801.4020;%%},
	Title = {{Suppression pattern of neutral pions at high transverse momentum in Au + Au collisions at s(NN)**(1/2) = 200-GeV and constraints on medium transport coefficients}},
	Volume = {101},
	Year = {2008},
	Bdsk-Url-1 = {http://dx.doi.org/10.1103/PhysRevLett.101.232301}}

@article{Adare:2008cg,
	Archiveprefix = {arXiv},
	Author = {Adare, A. and others},
	Collaboration = {PHENIX},
	Doi = {10.1103/PhysRevC.77.064907},
	Eprint = {0801.1665},
	Journal = {Phys. Rev.},
	Pages = {064907},
	Primaryclass = {nucl-ex},
	Slaccitation = {%%CITATION = ARXIV:0801.1665;%%},
	Title = {{Quantitative Constraints on the Opacity of Hot Partonic Matter from Semi-Inclusive Single High Transverse Momentum Pion Suppression in Au+Au collisions at s(NN)**(1/2) = 200-GeV}},
	Volume = {C77},
	Year = {2008},
	Bdsk-Url-1 = {http://dx.doi.org/10.1103/PhysRevC.77.064907}}

@article{Adare:2008sh,
	Archiveprefix = {arXiv},
	Author = {Adare, A. and others},
	Collaboration = {PHENIX},
	Doi = {10.1103/PhysRevLett.101.122301},
	Eprint = {0801.0220},
	Journal = {Phys. Rev. Lett.},
	Pages = {122301},
	Primaryclass = {nucl-ex},
	Slaccitation = {%%CITATION = ARXIV:0801.0220;%%},
	Title = {{J/psi Production in s(NN)**(1/2) = 200-GeV Cu+Cu Collisions}},
	Volume = {101},
	Year = {2008},
	Bdsk-Url-1 = {http://dx.doi.org/10.1103/PhysRevLett.101.122301}}

@article{Afanasiev:2007kk,
	Archiveprefix = {arXiv},
	Author = {Afanasiev, S. and others},
	Collaboration = {PHENIX},
	Doi = {10.1103/PhysRevLett.100.232301},
	Eprint = {0712.4372},
	Journal = {Phys. Rev. Lett.},
	Pages = {232301},
	Primaryclass = {nucl-ex},
	Slaccitation = {%%CITATION = ARXIV:0712.4372;%%},
	Title = {{Source breakup dynamics in Au+Au Collisions at s(NN)**(1/2) = 200-GeV via three-dimensional two-pion source imaging}},
	Volume = {100},
	Year = {2008},
	Bdsk-Url-1 = {http://dx.doi.org/10.1103/PhysRevLett.100.232301}}

@article{Afanasiev:2007wi,
	Archiveprefix = {arXiv},
	Author = {Afanasiev, S. and others},
	Collaboration = {PHENIX},
	Doi = {10.1103/PhysRevLett.101.082301},
	Eprint = {0712.3033},
	Journal = {Phys. Rev. Lett.},
	Pages = {082301},
	Primaryclass = {nucl-ex},
	Slaccitation = {%%CITATION = ARXIV:0712.3033;%%},
	Title = {{Particle-species dependent modification of jet-induced correlations in Au+Au collisions at s(NN)**(1/2) = 200-GeV}},
	Volume = {101},
	Year = {2008},
	Bdsk-Url-1 = {http://dx.doi.org/10.1103/PhysRevLett.101.082301}}

@article{Adare:2007gn,
	Archiveprefix = {arXiv},
	Author = {Adare, A. and others},
	Collaboration = {PHENIX},
	Doi = {10.1103/PhysRevC.77.024912, 10.1103/PhysRevC.79.059901},
	Eprint = {0903.4845},
	Journal = {Phys. Rev.},
	Note = {[Erratum: Phys. Rev.C79,059901(2009)]},
	Pages = {024912},
	Primaryclass = {nucl-ex},
	Reportnumber = {arXiv:0711.3917},
	Slaccitation = {%%CITATION = ARXIV:0903.4845;%%},
	Title = {{Cold Nuclear Matter Effects on J/Psi as Constrained by Deuteron-Gold Measurements at s(NN)**(1/2) = 200-GeV}},
	Volume = {C77},
	Year = {2008},
	Bdsk-Url-1 = {http://dx.doi.org/10.1103/PhysRevC.77.024912,%2010.1103/PhysRevC.79.059901}}

@article{Aggarwal:2007gw,
	Archiveprefix = {arXiv},
	Author = {Aggarwal, M. M. and others},
	Collaboration = {WA98},
	Doi = {10.1103/PhysRevLett.100.242301},
	Eprint = {0708.2630},
	Journal = {Phys. Rev. Lett.},
	Pages = {242301},
	Primaryclass = {nucl-ex},
	Slaccitation = {%%CITATION = ARXIV:0708.2630;%%},
	Title = {{Suppression of High-p(T) Neutral Pions in Central Pb+Pb Collisions at s(NN)**(1/2) = 17.3-GeV}},
	Volume = {100},
	Year = {2008},
	Bdsk-Url-1 = {http://dx.doi.org/10.1103/PhysRevLett.100.242301}}

@article{Adare:2007vu,
	Archiveprefix = {arXiv},
	Author = {Adare, A. and others},
	Collaboration = {PHENIX},
	Doi = {10.1103/PhysRevC.77.011901},
	Eprint = {0705.3238},
	Journal = {Phys. Rev.},
	Pages = {011901},
	Primaryclass = {nucl-ex},
	Slaccitation = {%%CITATION = ARXIV:0705.3238;%%},
	Title = {{Transverse momentum and centrality dependence of dihadron correlations in Au+Au collisions at s(NN) = 200-GeV: Jet-quenching and the response of partonic matter}},
	Volume = {C77},
	Year = {2008},
	Bdsk-Url-1 = {http://dx.doi.org/10.1103/PhysRevC.77.011901}}

@article{Adare:2007dg,
	Archiveprefix = {arXiv},
	Author = {Adare, A. and others},
	Collaboration = {PHENIX},
	Doi = {10.1103/PhysRevD.76.051106},
	Eprint = {0704.3599},
	Journal = {Phys. Rev.},
	Pages = {051106},
	Primaryclass = {hep-ex},
	Slaccitation = {%%CITATION = ARXIV:0704.3599;%%},
	Title = {{Inclusive cross-section and double helicity asymmetry for pi0 production in p + p collisions at s**(1/2) = 200-GeV: Implications for the polarized gluon distribution in the proton}},
	Volume = {D76},
	Year = {2007},
	Bdsk-Url-1 = {http://dx.doi.org/10.1103/PhysRevD.76.051106}}

@article{Adler:2007fj,
	Archiveprefix = {arXiv},
	Author = {Adler, S. S. and others},
	Collaboration = {PHENIX},
	Doi = {10.1103/PhysRevC.76.034903},
	Eprint = {0704.2894},
	Journal = {Phys. Rev.},
	Pages = {034903},
	Primaryclass = {nucl-ex},
	Slaccitation = {%%CITATION = ARXIV:0704.2894;%%},
	Title = {{Measurement of density correlations in pseudorapidity via charged particle multiplicity fluctuations in Au+Au collisions at s(NN)**(1/2) = 200-GeV}},
	Volume = {C76},
	Year = {2007},
	Bdsk-Url-1 = {http://dx.doi.org/10.1103/PhysRevC.76.034903}}

@article{Afanasiev:2007tv,
	Archiveprefix = {arXiv},
	Author = {Afanasiev, S. and others},
	Collaboration = {PHENIX},
	Doi = {10.1103/PhysRevLett.99.052301},
	Eprint = {nucl-ex/0703024},
	Journal = {Phys. Rev. Lett.},
	Pages = {052301},
	Primaryclass = {NUCL-EX},
	Slaccitation = {%%CITATION = NUCL-EX/0703024;%%},
	Title = {{Elliptic flow for phi mesons and (anti)deuterons in Au + Au collisions at s(NN)**(1/2) = 200-GeV}},
	Volume = {99},
	Year = {2007},
	Bdsk-Url-1 = {http://dx.doi.org/10.1103/PhysRevLett.99.052301}}

@article{Adler:2006hy,
	Archiveprefix = {arXiv},
	Author = {Adler, S. S. and others},
	Collaboration = {PHENIX},
	Doi = {10.1103/PhysRevC.75.051902},
	Eprint = {nucl-ex/0611031},
	Journal = {Phys. Rev.},
	Pages = {051902},
	Primaryclass = {nucl-ex},
	Slaccitation = {%%CITATION = NUCL-EX/0611031;%%},
	Title = {{Production of omega mesons at Large Transverse Momenta in p + p and d + Au Collisions at s**(1/2)(NN) = 200-GeV}},
	Volume = {C75},
	Year = {2007},
	Bdsk-Url-1 = {http://dx.doi.org/10.1103/PhysRevC.75.051902}}

@article{Adare:2006ns,
	Archiveprefix = {arXiv},
	Author = {Adare, A. and others},
	Collaboration = {PHENIX},
	Doi = {10.1103/PhysRevLett.98.232301},
	Eprint = {nucl-ex/0611020},
	Journal = {Phys. Rev. Lett.},
	Pages = {232301},
	Primaryclass = {nucl-ex},
	Slaccitation = {%%CITATION = NUCL-EX/0611020;%%},
	Title = {{$J/\psi$ Production vs Centrality, Transverse Momentum, and Rapidity in Au+Au Collisions at $\sqrt{s_{NN}} = 200$ GeV}},
	Volume = {98},
	Year = {2007},
	Bdsk-Url-1 = {http://dx.doi.org/10.1103/PhysRevLett.98.232301}}

@article{Adare:2006nr,
	Archiveprefix = {arXiv},
	Author = {Adare, A. and others},
	Collaboration = {PHENIX},
	Doi = {10.1103/PhysRevLett.98.232302},
	Eprint = {nucl-ex/0611019},
	Journal = {Phys. Rev. Lett.},
	Pages = {232302},
	Primaryclass = {nucl-ex},
	Slaccitation = {%%CITATION = NUCL-EX/0611019;%%},
	Title = {{System Size and Energy Dependence of Jet-Induced Hadron Pair Correlation Shapes in Cu+Cu and Au+Au Collisions at s(NN)**(1/2) = 200 and 62.4-GeV}},
	Volume = {98},
	Year = {2007},
	Bdsk-Url-1 = {http://dx.doi.org/10.1103/PhysRevLett.98.232302}}

@article{Adare:2006nq,
	Archiveprefix = {arXiv},
	Author = {Adare, A. and others},
	Collaboration = {PHENIX},
	Doi = {10.1103/PhysRevLett.98.172301},
	Eprint = {nucl-ex/0611018},
	Journal = {Phys. Rev. Lett.},
	Pages = {172301},
	Primaryclass = {nucl-ex},
	Slaccitation = {%%CITATION = NUCL-EX/0611018;%%},
	Title = {{Energy Loss and Flow of Heavy Quarks in Au+Au Collisions at s(NN)**(1/2) = 200-GeV}},
	Volume = {98},
	Year = {2007},
	Bdsk-Url-1 = {http://dx.doi.org/10.1103/PhysRevLett.98.172301}}

@article{Adare:2006nn,
	Archiveprefix = {arXiv},
	Author = {Adare, A. and others},
	Collaboration = {PHENIX},
	Doi = {10.1016/j.physletb.2007.04.029},
	Eprint = {nucl-ex/0611016},
	Journal = {Phys. Lett.},
	Pages = {359-369},
	Primaryclass = {nucl-ex},
	Slaccitation = {%%CITATION = NUCL-EX/0611016;%%},
	Title = {{Correlated Production of p and anti-p in Au+Au Collisions at s(NN)**(1/2) = 200-GeV}},
	Volume = {B649},
	Year = {2007},
	Bdsk-Url-1 = {http://dx.doi.org/10.1016/j.physletb.2007.04.029}}

@article{Adare:2006kf,
	Archiveprefix = {arXiv},
	Author = {Adare, A. and others},
	Collaboration = {PHENIX},
	Doi = {10.1103/PhysRevLett.98.232002},
	Eprint = {hep-ex/0611020},
	Journal = {Phys. Rev. Lett.},
	Pages = {232002},
	Primaryclass = {hep-ex},
	Slaccitation = {%%CITATION = HEP-EX/0611020;%%},
	Title = {{$J/\psi$ production versus transverse momentum and rapidity in $p^+ p$ collisions at $\sqrt{s}$ = 200-GeV}},
	Volume = {98},
	Year = {2007},
	Bdsk-Url-1 = {http://dx.doi.org/10.1103/PhysRevLett.98.232002}}

@article{Adler:2006bw,
	Archiveprefix = {arXiv},
	Author = {Adler, S. S. and others},
	Collaboration = {PHENIX},
	Doi = {10.1103/PhysRevC.76.034904},
	Eprint = {nucl-ex/0611007},
	Journal = {Phys. Rev.},
	Pages = {034904},
	Primaryclass = {nucl-ex},
	Slaccitation = {%%CITATION = NUCL-EX/0611007;%%},
	Title = {{A Detailed Study of High-p(T) Neutral Pion Suppression and Azimuthal Anisotropy in Au+Au Collisions at s(NN)**(1/2) = 200-GeV}},
	Volume = {C76},
	Year = {2007},
	Bdsk-Url-1 = {http://dx.doi.org/10.1103/PhysRevC.76.034904}}

@article{Adler:2006bv,
	Archiveprefix = {arXiv},
	Author = {Adler, S. S. and others},
	Collaboration = {PHENIX},
	Doi = {10.1103/PhysRevC.75.024909},
	Eprint = {nucl-ex/0611006},
	Journal = {Phys. Rev.},
	Pages = {024909},
	Primaryclass = {nucl-ex},
	Slaccitation = {%%CITATION = NUCL-EX/0611006;%%},
	Title = {{High transverse momentum $\eta$ meson production in $p^+ p$, $d^+$ Au and Au+Au collisions at $S(NN) ^{(1/2)}$ = 200-GeV}},
	Volume = {C75},
	Year = {2007},
	Bdsk-Url-1 = {http://dx.doi.org/10.1103/PhysRevC.75.024909}}

@article{Adler:2006wg,
	Archiveprefix = {arXiv},
	Author = {Adler, S. S. and others},
	Collaboration = {PHENIX},
	Doi = {10.1103/PhysRevLett.98.172302},
	Eprint = {nucl-ex/0610036},
	Journal = {Phys. Rev. Lett.},
	Pages = {172302},
	Primaryclass = {nucl-ex},
	Slaccitation = {%%CITATION = NUCL-EX/0610036;%%},
	Title = {{Centrality dependence of pi0 and eta production at large transverse momentum in s(NN)**(1/2) = 200-GeV d+Au collisions}},
	Volume = {98},
	Year = {2007},
	Bdsk-Url-1 = {http://dx.doi.org/10.1103/PhysRevLett.98.172302}}

@article{Adler:2006yu,
	Archiveprefix = {arXiv},
	Author = {Adler, S. S. and others},
	Collaboration = {PHENIX},
	Doi = {10.1103/PhysRevD.76.092002},
	Eprint = {hep-ex/0609032},
	Journal = {Phys. Rev.},
	Pages = {092002},
	Primaryclass = {hep-ex},
	Slaccitation = {%%CITATION = HEP-EX/0609032;%%},
	Title = {{Measurement of Single Muons at Forward Rapidity in p+p Collisions at s**(1/2) = 200-GeV and Implications for Charm Production}},
	Volume = {D76},
	Year = {2007},
	Bdsk-Url-1 = {http://dx.doi.org/10.1103/PhysRevD.76.092002}}

@article{Adare:2006hc,
	Archiveprefix = {arXiv},
	Author = {Adare, A. and others},
	Collaboration = {PHENIX},
	Doi = {10.1103/PhysRevLett.97.252002},
	Eprint = {hep-ex/0609010},
	Journal = {Phys. Rev. Lett.},
	Pages = {252002},
	Primaryclass = {hep-ex},
	Slaccitation = {%%CITATION = HEP-EX/0609010;%%},
	Title = {{Measurement of high-p(T) single electrons from heavy-flavor decays in p+p collisions at s**(1/2) = 200-GeV}},
	Volume = {97},
	Year = {2006},
	Bdsk-Url-1 = {http://dx.doi.org/10.1103/PhysRevLett.97.252002}}

@article{Adare:2006ti,
	Archiveprefix = {arXiv},
	Author = {Adare, A. and others},
	Collaboration = {PHENIX},
	Doi = {10.1103/PhysRevLett.98.162301},
	Eprint = {nucl-ex/0608033},
	Journal = {Phys. Rev. Lett.},
	Pages = {162301},
	Primaryclass = {nucl-ex},
	Slaccitation = {%%CITATION = NUCL-EX/0608033;%%},
	Title = {{Scaling properties of azimuthal anisotropy in Au+Au and Cu+Cu collisions at s(NN) = 200-GeV}},
	Volume = {98},
	Year = {2007},
	Bdsk-Url-1 = {http://dx.doi.org/10.1103/PhysRevLett.98.162301}}

@article{Aggarwal:2006xh,
	Archiveprefix = {arXiv},
	Author = {Aggarwal, M. M. and others},
	Collaboration = {WA98},
	Doi = {10.1140/epjc/s10052-006-0081-x},
	Eprint = {nucl-ex/0607018},
	Journal = {Eur. Phys. J.},
	Pages = {343-352},
	Primaryclass = {nucl-ex},
	Slaccitation = {%%CITATION = NUCL-EX/0607018;%%},
	Title = {{Pion Freeze-Out Time in Pb+Pb Collisions at 158-A-GeV/c Studied via pi-/pi+ and K-/K+ Ratios}},
	Volume = {C48},
	Year = {2006},
	Bdsk-Url-1 = {http://dx.doi.org/10.1140/epjc/s10052-006-0081-x}}

@article{Adler:2006as,
	Archiveprefix = {arXiv},
	Author = {Adler, S. S. and others},
	Collaboration = {PHENIX},
	Doi = {10.1103/PhysRevLett.98.132301},
	Eprint = {nucl-ex/0605032},
	Journal = {Phys. Rev. Lett.},
	Pages = {132301},
	Primaryclass = {nucl-ex},
	Slaccitation = {%%CITATION = NUCL-EX/0605032;%%},
	Title = {{Evidence for a long-range component in the pion emission source in Au + Au collisions at s(NN)**(1/2) = 200-GeV}},
	Volume = {98},
	Year = {2007},
	Bdsk-Url-1 = {http://dx.doi.org/10.1103/PhysRevLett.98.132301}}

@article{Adler:2006sc,
	Archiveprefix = {arXiv},
	Author = {Adler, S. S. and others},
	Collaboration = {PHENIX},
	Doi = {10.1103/PhysRevD.74.072002},
	Eprint = {hep-ex/0605039},
	Journal = {Phys. Rev.},
	Pages = {072002},
	Primaryclass = {hep-ex},
	Slaccitation = {%%CITATION = HEP-EX/0605039;%%},
	Title = {{Jet properties from dihadron correlations in $p^+ p$ collisions at $\sqrt{s}$ = 200-GeV}},
	Volume = {D74},
	Year = {2006},
	Bdsk-Url-1 = {http://dx.doi.org/10.1103/PhysRevD.74.072002}}

@article{Adler:2006hi,
	Archiveprefix = {arXiv},
	Author = {Adler, S. S. and others},
	Collaboration = {PHENIX},
	Doi = {10.1103/PhysRevLett.96.222301},
	Eprint = {nucl-ex/0603017},
	Journal = {Phys. Rev. Lett.},
	Pages = {222301},
	Primaryclass = {nucl-ex},
	Slaccitation = {%%CITATION = NUCL-EX/0603017;%%},
	Title = {{Azimuthal angle correlations for rapidity separated hadron pairs in d + Au Collisions at s(NN)**(1/2) = 200-GeV}},
	Volume = {96},
	Year = {2006},
	Bdsk-Url-1 = {http://dx.doi.org/10.1103/PhysRevLett.96.222301}}

@article{Adler:2006xd,
	Archiveprefix = {arXiv},
	Author = {Adler, S. S. and others},
	Collaboration = {PHENIX},
	Doi = {10.1103/PhysRevC.74.024904},
	Eprint = {nucl-ex/0603010},
	Journal = {Phys. Rev.},
	Pages = {024904},
	Primaryclass = {nucl-ex},
	Slaccitation = {%%CITATION = NUCL-EX/0603010;%%},
	Title = {{Nuclear effects on hadron production in d = Au and p + p collisions at s(NN)**(1/2) = 200-GeV}},
	Volume = {C74},
	Year = {2006},
	Bdsk-Url-1 = {http://dx.doi.org/10.1103/PhysRevC.74.024904}}

@article{Adler:2006bd,
	Archiveprefix = {arXiv},
	Author = {Adler, S. S. and others},
	Collaboration = {PHENIX},
	Doi = {10.1103/PhysRevD.73.091102},
	Eprint = {hep-ex/0602004},
	Journal = {Phys. Rev.},
	Pages = {091102},
	Primaryclass = {hep-ex},
	Slaccitation = {%%CITATION = HEP-EX/0602004;%%},
	Title = {{Improved measurement of double helicity asymmetry in inclusive midrapidity pi0 production for polarized p+p collisions at s**(1/2) = 200-GeV}},
	Volume = {D73},
	Year = {2006},
	Bdsk-Url-1 = {http://dx.doi.org/10.1103/PhysRevD.73.091102}}

@article{Adler:2006hu,
	Archiveprefix = {arXiv},
	Author = {Adler, S. S. and others},
	Collaboration = {PHENIX},
	Doi = {10.1103/PhysRevLett.96.202301},
	Eprint = {nucl-ex/0601037},
	Journal = {Phys. Rev. Lett.},
	Pages = {202301},
	Primaryclass = {nucl-ex},
	Slaccitation = {%%CITATION = NUCL-EX/0601037;%%},
	Title = {{Common suppression pattern of eta and pi0 mesons at high transverse momentum in Au+Au collisions at S(NN)**(1/2) = 200-GeV}},
	Volume = {96},
	Year = {2006},
	Bdsk-Url-1 = {http://dx.doi.org/10.1103/PhysRevLett.96.202301}}

@article{Ozawa:2005zi,
	Author = {Ozawa, Kyoichiro and others},
	Booktitle = {{Proceedings, 1st International Conference on Hard and Electromagnetic Probes of High-Energy Nuclear Collisions (Hard Probes 2004)}},
	Collaboration = {PHENIX},
	Doi = {10.1140/epjc/s2005-02212-3},
	Journal = {Eur. Phys. J.},
	Pages = {421-426},
	Slaccitation = {%%CITATION = EPHJA,C43,421;%%},
	Title = {{Low mass dilepton production at RHIC energies}},
	Volume = {C43},
	Year = {2005},
	Bdsk-Url-1 = {http://dx.doi.org/10.1140/epjc/s2005-02212-3}}

@article{Bielcikova:2005za,
	Author = {Bielcikova, J. and others},
	Booktitle = {{Proceedings, 1st International Conference on Hard and Electromagnetic Probes of High-Energy Nuclear Collisions (Hard Probes 2004)}},
	Collaboration = {CERES},
	Doi = {10.1140/epjc/s2005-02320-0},
	Journal = {Eur. Phys. J.},
	Pages = {323-327},
	Slaccitation = {%%CITATION = EPHJA,C43,323;%%},
	Title = {{Semihard scattering unraveled from collective flow at the SPS}},
	Volume = {C43},
	Year = {2005},
	Bdsk-Url-1 = {http://dx.doi.org/10.1140/epjc/s2005-02320-0}}

@article{Velkovska:2005yz,
	Author = {Velkovska, J. and others},
	Booktitle = {{Proceedings, 1st International Conference on Hard and Electromagnetic Probes of High-Energy Nuclear Collisions (Hard Probes 2004)}},
	Collaboration = {PHENIX},
	Doi = {10.1140/epjc/s2005-02326-6},
	Journal = {Eur. Phys. J.},
	Pages = {317-322},
	Slaccitation = {%%CITATION = EPHJA,C43,317;%%},
	Title = {{Can phi mesons give an answer to the baryon puzzle at RHIC?}},
	Volume = {C43},
	Year = {2005},
	Bdsk-Url-1 = {http://dx.doi.org/10.1140/epjc/s2005-02326-6}}

@article{Busching:2005yy,
	Author = {Busching, H. and others},
	Booktitle = {{Proceedings, 1st International Conference on Hard and Electromagnetic Probes of High-Energy Nuclear Collisions (Hard Probes 2004)}},
	Collaboration = {PHENIX},
	Doi = {10.1140/epjc/s2005-02324-8},
	Journal = {Eur. Phys. J.},
	Pages = {303-310},
	Slaccitation = {%%CITATION = EPHJA,C43,303;%%},
	Title = {{Medium effects on high particle production measured with the PHENIX experiment}},
	Volume = {C43},
	Year = {2005},
	Bdsk-Url-1 = {http://dx.doi.org/10.1140/epjc/s2005-02324-8}}

@article{Cole:2005yv,
	Author = {Cole, B. A. and others},
	Booktitle = {{Proceedings, 1st International Conference on Hard and Electromagnetic Probes of High-Energy Nuclear Collisions (Hard Probes 2004)}},
	Collaboration = {PHENIX},
	Doi = {10.1140/epjc/s2005-02333-7},
	Journal = {Eur. Phys. J.},
	Pages = {271-280},
	Slaccitation = {%%CITATION = EPHJA,C43,271;%%},
	Title = {{Differential probes of medium-induced energy loss}},
	Volume = {C43},
	Year = {2005},
	Bdsk-Url-1 = {http://dx.doi.org/10.1140/epjc/s2005-02333-7}}

@article{Drapier:2005yr,
	Author = {Drapier, O. and others},
	Booktitle = {{Proceedings, 1st International Conference on Hard and Electromagnetic Probes of High-Energy Nuclear Collisions (Hard Probes 2004)}},
	Collaboration = {PHENIX},
	Doi = {10.1140/epjc/s2005-02307-9},
	Journal = {Eur. Phys. J.},
	Pages = {201-208},
	Slaccitation = {%%CITATION = EPHJA,C43,201;%%},
	Title = {{Heavy flavor production in PHENIX}},
	Volume = {C43},
	Year = {2005},
	Bdsk-Url-1 = {http://dx.doi.org/10.1140/epjc/s2005-02307-9}}

@article{Rosati:2005ym,
	Author = {Rosati, M. and others},
	Booktitle = {{Proceedings, 1st International Conference on Hard and Electromagnetic Probes of High-Energy Nuclear Collisions (Hard Probes 2004)}},
	Collaboration = {PHENIX},
	Doi = {10.1140/epjc/s2005-02325-7},
	Journal = {Eur. Phys. J.},
	Pages = {173-178},
	Slaccitation = {%%CITATION = EPHJA,C43,173;%%},
	Title = {{Quarkonium production from d + Au to Au + Au collisions}},
	Volume = {C43},
	Year = {2005},
	Bdsk-Url-1 = {http://dx.doi.org/10.1140/epjc/s2005-02325-7}}

@article{Adamova:2005jr,
	Archiveprefix = {arXiv},
	Author = {Adamova, D. and others},
	Collaboration = {CERES},
	Doi = {10.1103/PhysRevLett.96.152301},
	Eprint = {nucl-ex/0512007},
	Journal = {Phys. Rev. Lett.},
	Pages = {152301},
	Primaryclass = {nucl-ex},
	Slaccitation = {%%CITATION = NUCL-EX/0512007;%%},
	Title = {{Leptonic and charged kaon decay modes of the phi meson measured in heavy-ion collisions at the CERN SPS}},
	Volume = {96},
	Year = {2006},
	Bdsk-Url-1 = {http://dx.doi.org/10.1103/PhysRevLett.96.152301}}

@article{Adler:2005xv,
	Archiveprefix = {arXiv},
	Author = {Adler, S. S. and others},
	Collaboration = {PHENIX},
	Doi = {10.1103/PhysRevLett.96.032301},
	Eprint = {nucl-ex/0510047},
	Journal = {Phys. Rev. Lett.},
	Pages = {032301},
	Primaryclass = {nucl-ex},
	Slaccitation = {%%CITATION = NUCL-EX/0510047;%%},
	Title = {{Nuclear modification of electron spectra and implications for heavy quark energy loss in Au+Au collisions at s(NN)**(1/2) - 200-GeV}},
	Volume = {96},
	Year = {2006},
	Bdsk-Url-1 = {http://dx.doi.org/10.1103/PhysRevLett.96.032301}}

@article{Adler:2005ad,
	Archiveprefix = {arXiv},
	Author = {Adler, S. S. and others},
	Collaboration = {PHENIX},
	Doi = {10.1103/PhysRevC.73.054903},
	Eprint = {nucl-ex/0510021},
	Journal = {Phys. Rev.},
	Pages = {054903},
	Primaryclass = {nucl-ex},
	Slaccitation = {%%CITATION = NUCL-EX/0510021;%%},
	Title = {{Jet structure from dihadron correlations in d+Au collisions at s(NN)**(1/2) = 200-GeV}},
	Volume = {C73},
	Year = {2006},
	Bdsk-Url-1 = {http://dx.doi.org/10.1103/PhysRevC.73.054903}}

@article{Adler:2005rg,
	Archiveprefix = {arXiv},
	Author = {Adler, S. S. and others},
	Collaboration = {PHENIX},
	Doi = {10.1103/PhysRevLett.96.032302},
	Eprint = {nucl-ex/0508019},
	Journal = {Phys. Rev. Lett.},
	Pages = {032302},
	Primaryclass = {nucl-ex},
	Slaccitation = {%%CITATION = NUCL-EX/0508019;%%},
	Title = {{Measurement of identified pi0 and inclusive photon v(2) and implication to the direct photon production in s(NN)**1/2 = 200-GeV Au+Au collisions}},
	Volume = {96},
	Year = {2006},
	Bdsk-Url-1 = {http://dx.doi.org/10.1103/PhysRevLett.96.032302}}

@article{Adler:2005fy,
	Archiveprefix = {arXiv},
	Author = {Adler, S. S. and others},
	Collaboration = {PHENIX},
	Doi = {10.1103/PhysRevLett.96.032001},
	Eprint = {hep-ex/0508034},
	Journal = {Phys. Rev. Lett.},
	Pages = {032001},
	Primaryclass = {hep-ex},
	Slaccitation = {%%CITATION = HEP-EX/0508034;%%},
	Title = {{Single electrons from heavy flavor decays in p+p collisions at s**(1/2) = 200-GeV}},
	Volume = {96},
	Year = {2006},
	Bdsk-Url-1 = {http://dx.doi.org/10.1103/PhysRevLett.96.032001}}

@article{Adler:2005ph,
	Archiveprefix = {arXiv},
	Author = {Adler, Stephen Scott and others},
	Collaboration = {PHENIX},
	Doi = {10.1103/PhysRevLett.96.012304},
	Eprint = {nucl-ex/0507032},
	Journal = {Phys. Rev. Lett.},
	Pages = {012304},
	Primaryclass = {nucl-ex},
	Slaccitation = {%%CITATION = NUCL-EX/0507032;%%},
	Title = {{J/psi production and nuclear effects for d+Au and p+p collisions at s(NN)**(1/2) = 200-GeV}},
	Volume = {96},
	Year = {2006},
	Bdsk-Url-1 = {http://dx.doi.org/10.1103/PhysRevLett.96.012304}}

@article{Adler:2005in,
	Archiveprefix = {arXiv},
	Author = {Adler, S. S. and others},
	Collaboration = {PHENIX},
	Doi = {10.1103/PhysRevLett.95.202001},
	Eprint = {hep-ex/0507073},
	Journal = {Phys. Rev. Lett.},
	Pages = {202001},
	Primaryclass = {hep-ex},
	Slaccitation = {%%CITATION = HEP-EX/0507073;%%},
	Title = {{Measurement of transverse single-spin asymmetries for mid-rapidity production of neutral pions and charged hadrons in polarized p+p collisions at s**(1/2) = 200-GeV}},
	Volume = {95},
	Year = {2005},
	Bdsk-Url-1 = {http://dx.doi.org/10.1103/PhysRevLett.95.202001}}

@article{Adler:2005ee,
	Archiveprefix = {arXiv},
	Author = {Adler, S. S. and others},
	Collaboration = {PHENIX},
	Doi = {10.1103/PhysRevLett.97.052301},
	Eprint = {nucl-ex/0507004},
	Journal = {Phys. Rev. Lett.},
	Pages = {052301},
	Primaryclass = {nucl-ex},
	Slaccitation = {%%CITATION = NUCL-EX/0507004;%%},
	Title = {{Dense-Medium Modifications to Jet-Induced Hadron Pair Distributions in Au+Au Collisions at s(NN)**(1/2) = 200-GeV}},
	Volume = {97},
	Year = {2006},
	Bdsk-Url-1 = {http://dx.doi.org/10.1103/PhysRevLett.97.052301}}

@article{Agakichiev:2005ai,
	Archiveprefix = {arXiv},
	Author = {Agakichiev, G. and others},
	Collaboration = {CERES},
	Doi = {10.1140/epjc/s2005-02272-3},
	Eprint = {nucl-ex/0506002},
	Journal = {Eur. Phys. J.},
	Pages = {475-513},
	Primaryclass = {nucl-ex},
	Slaccitation = {%%CITATION = NUCL-EX/0506002;%%},
	Title = {{e+ e- pair production in Pb - Au collisions at 158-GeV per nucleon}},
	Volume = {C41},
	Year = {2005},
	Bdsk-Url-1 = {http://dx.doi.org/10.1140/epjc/s2005-02272-3}}

@article{Rak:2005st,
	Author = {Rak, J.},
	Booktitle = {{Proceedings, Workshop for Young Scientists on the Physics of Ultrarelativistic Nucleus Nucleus Collisions (Hot Quarks 2004)}},
	Collaboration = {PHENIX},
	Doi = {10.1088/0954-3899/31/4/065},
	Journal = {J. Phys.},
	Pages = {S541-S547},
	Slaccitation = {%%CITATION = JPAGA,G31,S541;%%},
	Title = {{Modification of jet properties at the Relativistic Heavy Ion Collider}},
	Volume = {G31},
	Year = {2005},
	Bdsk-Url-1 = {http://dx.doi.org/10.1088/0954-3899/31/4/065}}

@article{Adler:2005ig,
	Archiveprefix = {arXiv},
	Author = {Adler, S. S. and others},
	Collaboration = {PHENIX},
	Doi = {10.1103/PhysRevLett.94.232301},
	Eprint = {nucl-ex/0503003},
	Journal = {Phys. Rev. Lett.},
	Pages = {232301},
	Primaryclass = {nucl-ex},
	Slaccitation = {%%CITATION = NUCL-EX/0503003;%%},
	Title = {{Centrality dependence of direct photon production in s(NN)**(1/ 2) = 200-GeV Au + Au collisions}},
	Volume = {94},
	Year = {2005},
	Bdsk-Url-1 = {http://dx.doi.org/10.1103/PhysRevLett.94.232301}}

@article{Adler:2005ab,
	Archiveprefix = {arXiv},
	Author = {Adler, S. S. and others},
	Collaboration = {PHENIX},
	Doi = {10.1103/PhysRevC.72.024901},
	Eprint = {nucl-ex/0502009},
	Journal = {Phys. Rev.},
	Pages = {024901},
	Primaryclass = {nucl-ex},
	Slaccitation = {%%CITATION = NUCL-EX/0502009;%%},
	Title = {{Measurement of single electron event anisotropy in Au+Au collisions at s(NN)**(1/2) = 200-GeV}},
	Volume = {C72},
	Year = {2005},
	Bdsk-Url-1 = {http://dx.doi.org/10.1103/PhysRevC.72.024901}}

@article{Adler:2005qk,
	Archiveprefix = {arXiv},
	Author = {Adler, S. S. and others},
	Collaboration = {PHENIX},
	Doi = {10.1103/PhysRevD.71.071102},
	Eprint = {hep-ex/0502006},
	Journal = {Phys. Rev.},
	Pages = {071102},
	Primaryclass = {hep-ex},
	Slaccitation = {%%CITATION = HEP-EX/0502006;%%},
	Title = {{Mid-rapidity direct-photon production in $p^+ p$ collisions at $\sqrt{s}$ = 200-GeV}},
	Volume = {D71},
	Year = {2005},
	Bdsk-Url-1 = {http://dx.doi.org/10.1103/PhysRevD.71.071102}}

@article{Adler:2004eh,
	Archiveprefix = {arXiv},
	Author = {Adler, S. S. and others},
	Collaboration = {PHENIX},
	Doi = {10.1103/PhysRevLett.94.082302},
	Eprint = {nucl-ex/0411054},
	Journal = {Phys. Rev. Lett.},
	Pages = {082302},
	Primaryclass = {nucl-ex},
	Slaccitation = {%%CITATION = NUCL-EX/0411054;%%},
	Title = {{Nuclear modification factors for hadrons at forward and backward rapidities in deuteron-gold collisions at s(NN)**(1/2) = 200-GeV}},
	Volume = {94},
	Year = {2005},
	Bdsk-Url-1 = {http://dx.doi.org/10.1103/PhysRevLett.94.082302}}

@article{Adler:2004cj,
	Archiveprefix = {arXiv},
	Author = {Adler, S. S. and others},
	Collaboration = {PHENIX},
	Doi = {10.1103/PhysRevLett.94.232302},
	Eprint = {nucl-ex/0411040},
	Journal = {Phys. Rev. Lett.},
	Pages = {232302},
	Primaryclass = {nucl-ex},
	Slaccitation = {%%CITATION = NUCL-EX/0411040;%%},
	Title = {{Saturation of azimuthal anisotropy in Au + Au collisions at s(NN)**(1/2) 62-GeV to 200-GeV}},
	Volume = {94},
	Year = {2005},
	Bdsk-Url-1 = {http://dx.doi.org/10.1103/PhysRevLett.94.232302}}

@article{Adler:2004hv,
	Archiveprefix = {arXiv},
	Author = {Adler, S. S. and others},
	Collaboration = {PHENIX},
	Doi = {10.1103/PhysRevC.72.014903},
	Eprint = {nucl-ex/0410012},
	Journal = {Phys. Rev.},
	Pages = {014903},
	Primaryclass = {nucl-ex},
	Slaccitation = {%%CITATION = NUCL-EX/0410012;%%},
	Title = {{Production of phi mesons at mid-rapidity in s(NN)**(1/2) = 200- GeV Au+Au collisions at RHIC}},
	Volume = {C72},
	Year = {2005},
	Bdsk-Url-1 = {http://dx.doi.org/10.1103/PhysRevC.72.014903}}

@article{Adcox:2004mh,
	Archiveprefix = {arXiv},
	Author = {Adcox, K. and others},
	Collaboration = {PHENIX},
	Doi = {10.1016/j.nuclphysa.2005.03.086},
	Eprint = {nucl-ex/0410003},
	Journal = {Nucl. Phys.},
	Pages = {184-283},
	Primaryclass = {nucl-ex},
	Slaccitation = {%%CITATION = NUCL-EX/0410003;%%},
	Title = {{Formation of dense partonic matter in relativistic nucleus-nucleus collisions at RHIC: Experimental evaluation by the PHENIX collaboration}},
	Volume = {A757},
	Year = {2005},
	Bdsk-Url-1 = {http://dx.doi.org/10.1016/j.nuclphysa.2005.03.086}}

@article{Aggarwal:2004ub,
	Archiveprefix = {arXiv},
	Author = {Aggarwal, M. M. and others},
	Collaboration = {WA98},
	Doi = {10.1016/j.nuclphysa.2005.08.004},
	Eprint = {nucl-ex/0410045},
	Journal = {Nucl. Phys.},
	Pages = {129-146},
	Primaryclass = {nucl-ex},
	Slaccitation = {%%CITATION = NUCL-EX/0410045;%%},
	Title = {{Centrality and transverse momentum dependence of collective flow in 158-A-GeV Pb+Pb collisions measured via inclusive photons}},
	Volume = {A762},
	Year = {2005},
	Bdsk-Url-1 = {http://dx.doi.org/10.1016/j.nuclphysa.2005.08.004}}

@article{Adler:2004ta,
	Archiveprefix = {arXiv},
	Author = {Adler, S. S. and others},
	Collaboration = {PHENIX},
	Doi = {10.1103/PhysRevLett.94.082301},
	Eprint = {nucl-ex/0409028},
	Journal = {Phys. Rev. Lett.},
	Pages = {082301},
	Primaryclass = {nucl-ex},
	Slaccitation = {%%CITATION = NUCL-EX/0409028;%%},
	Title = {{Centrality dependence of charm production from single electrons measurement in Au + Au collisions at s(NN)**(1/2) = 200-GeV}},
	Volume = {94},
	Year = {2005},
	Bdsk-Url-1 = {http://dx.doi.org/10.1103/PhysRevLett.94.082301}}

@article{Adler:2004zn,
	Archiveprefix = {arXiv},
	Author = {Adler, S. S. and others},
	Collaboration = {PHENIX},
	Doi = {10.1103/PhysRevC.71.049901, 10.1103/PhysRevC.71.034908},
	Eprint = {nucl-ex/0409015},
	Journal = {Phys. Rev.},
	Note = {[Erratum: Phys. Rev.C71,049901(2005)]},
	Pages = {034908},
	Primaryclass = {nucl-ex},
	Slaccitation = {%%CITATION = NUCL-EX/0409015;%%},
	Title = {{Systematic studies of the centrality and s(NN)**(1/2) dependence of the d E(T) / d eta and d (N(ch) / d eta in heavy ion collisions at mid-rapidity}},
	Volume = {C71},
	Year = {2005},
	Bdsk-Url-1 = {http://dx.doi.org/10.1103/PhysRevC.71.049901,%2010.1103/PhysRevC.71.034908}}

@article{Adler:2004zd,
	Archiveprefix = {arXiv},
	Author = {Adler, S. S. and others},
	Collaboration = {PHENIX},
	Doi = {10.1103/PhysRevC.71.051902},
	Eprint = {nucl-ex/0408007},
	Journal = {Phys. Rev.},
	Pages = {051902},
	Primaryclass = {nucl-ex},
	Slaccitation = {%%CITATION = NUCL-EX/0408007;%%},
	Title = {{Jet structure of baryon excess in Au + Au collisions at s(NN)**(1/2) = 200-GeV}},
	Volume = {C71},
	Year = {2005},
	Bdsk-Url-1 = {http://dx.doi.org/10.1103/PhysRevC.71.051902}}

@article{Aggarwal:2004zh,
	Archiveprefix = {arXiv},
	Author = {Aggarwal, M. M. and others},
	Collaboration = {WA98},
	Doi = {10.1140/epjc/s2005-02249-2},
	Eprint = {nucl-ex/0406022},
	Journal = {Eur. Phys. J.},
	Pages = {287-296},
	Primaryclass = {nucl-ex},
	Slaccitation = {%%CITATION = NUCL-EX/0406022;%%},
	Title = {{Azimuthal anisotropy of photon and charged particle emission in Pb-208 + Pb-208 collisions at 158-A-GeV/c}},
	Volume = {C41},
	Year = {2005},
	Bdsk-Url-1 = {http://dx.doi.org/10.1140/epjc/s2005-02249-2}}

@article{Adler:2004uy,
	Archiveprefix = {arXiv},
	Author = {Adler, S. S. and others},
	Collaboration = {PHENIX},
	Doi = {10.1103/PhysRevLett.94.122302},
	Eprint = {nucl-ex/0406004},
	Journal = {Phys. Rev. Lett.},
	Pages = {122302},
	Primaryclass = {nucl-ex},
	Slaccitation = {%%CITATION = NUCL-EX/0406004;%%},
	Title = {{Deuteron and antideuteron production in Au + Au collisions at s(NN)**(1/2) = 200-GeV}},
	Volume = {94},
	Year = {2005},
	Bdsk-Url-1 = {http://dx.doi.org/10.1103/PhysRevLett.94.122302}}

@article{Adler:2004ps,
	Archiveprefix = {arXiv},
	Author = {Adler, S. S. and others},
	Collaboration = {PHENIX},
	Doi = {10.1103/PhysRevLett.93.202002},
	Eprint = {hep-ex/0404027},
	Journal = {Phys. Rev. Lett.},
	Pages = {202002},
	Primaryclass = {hep-ex},
	Slaccitation = {%%CITATION = HEP-EX/0404027;%%},
	Title = {{Double helicity asymmetry in inclusive mid-rapidity pi0 production for polarized p + p collisions at s**(1/2) = 200-GeV}},
	Volume = {93},
	Year = {2004},
	Bdsk-Url-1 = {http://dx.doi.org/10.1103/PhysRevLett.93.202002}}

@article{Adler:2004rq,
	Archiveprefix = {arXiv},
	Author = {Adler, S. S. and others},
	Collaboration = {PHENIX},
	Doi = {10.1103/PhysRevLett.93.152302},
	Eprint = {nucl-ex/0401003},
	Journal = {Phys. Rev. Lett.},
	Pages = {152302},
	Primaryclass = {nucl-ex},
	Slaccitation = {%%CITATION = NUCL-EX/0401003;%%},
	Title = {{Bose-Einstein correlations of charged pion pairs in Au + Au collisions at s(NN)**(1/2) = 200-GeV}},
	Volume = {93},
	Year = {2004},
	Bdsk-Url-1 = {http://dx.doi.org/10.1103/PhysRevLett.93.152302}}

@article{Aggarwal:2003zy,
	Archiveprefix = {arXiv},
	Author = {Aggarwal, M. M. and others},
	Collaboration = {WA98},
	Doi = {10.1103/PhysRevLett.93.022301},
	Eprint = {nucl-ex/0310022},
	Journal = {Phys. Rev. Lett.},
	Pages = {022301},
	Primaryclass = {nucl-ex},
	Slaccitation = {%%CITATION = NUCL-EX/0310022;%%},
	Title = {{Interferometry of direct photons in central Pb-208+Pb-208 collisions at 158-A-GeV}},
	Volume = {93},
	Year = {2004},
	Bdsk-Url-1 = {http://dx.doi.org/10.1103/PhysRevLett.93.022301}}

@article{Adler:2003xq,
	Archiveprefix = {arXiv},
	Author = {Adler, S. S. and others},
	Collaboration = {PHENIX},
	Doi = {10.1103/PhysRevLett.93.092301},
	Eprint = {nucl-ex/0310005},
	Journal = {Phys. Rev. Lett.},
	Pages = {092301},
	Primaryclass = {nucl-ex},
	Slaccitation = {%%CITATION = NUCL-EX/0310005;%%},
	Title = {{Measurement of nonrandom event by event fluctuations of average transverse momentum in s(NN)**(1/2) = 200-GeV Au+Au and p+p collisions}},
	Volume = {93},
	Year = {2004},
	Bdsk-Url-1 = {http://dx.doi.org/10.1103/PhysRevLett.93.092301}}

@article{Adler:2003au,
	Archiveprefix = {arXiv},
	Author = {Adler, S. S. and others},
	Collaboration = {PHENIX},
	Doi = {10.1103/PhysRevC.69.034910},
	Eprint = {nucl-ex/0308006},
	Journal = {Phys. Rev.},
	Pages = {034910},
	Primaryclass = {nucl-ex},
	Slaccitation = {%%CITATION = NUCL-EX/0308006;%%},
	Title = {{High $p_{T}$ charged hadron suppression in Au + Au collisions at $\sqrt{s}_{NN} = 200$ GeV}},
	Volume = {C69},
	Year = {2004},
	Bdsk-Url-1 = {http://dx.doi.org/10.1103/PhysRevC.69.034910}}

@article{Adler:2003cb,
	Archiveprefix = {arXiv},
	Author = {Adler, S. S. and others},
	Collaboration = {PHENIX},
	Doi = {10.1103/PhysRevC.69.034909},
	Eprint = {nucl-ex/0307022},
	Journal = {Phys. Rev.},
	Pages = {034909},
	Primaryclass = {nucl-ex},
	Slaccitation = {%%CITATION = NUCL-EX/0307022;%%},
	Title = {{Identified charged particle spectra and yields in Au+Au collisions at S(NN)**1/2 = 200-GeV}},
	Volume = {C69},
	Year = {2004},
	Bdsk-Url-1 = {http://dx.doi.org/10.1103/PhysRevC.69.034909}}

@article{Adler:2003qs,
	Archiveprefix = {arXiv},
	Author = {Adler, S. S. and others},
	Collaboration = {PHENIX},
	Doi = {10.1103/PhysRevLett.92.051802},
	Eprint = {hep-ex/0307019},
	Journal = {Phys. Rev. Lett.},
	Pages = {051802},
	Primaryclass = {hep-ex},
	Slaccitation = {%%CITATION = HEP-EX/0307019;%%},
	Title = {{$J/\psi$ production from proton proton collisions at $\sqrt{s}$ = 200-GeV}},
	Volume = {92},
	Year = {2004},
	Bdsk-Url-1 = {http://dx.doi.org/10.1103/PhysRevLett.92.051802}}

@article{Adler:2003ii,
	Archiveprefix = {arXiv},
	Author = {Adler, S. S. and others},
	Collaboration = {PHENIX},
	Doi = {10.1103/PhysRevLett.91.072303},
	Eprint = {nucl-ex/0306021},
	Journal = {Phys. Rev. Lett.},
	Pages = {072303},
	Primaryclass = {nucl-ex},
	Slaccitation = {%%CITATION = NUCL-EX/0306021;%%},
	Title = {{Absence of suppression in particle production at large transverse momentum in S(NN)**(1/2) = 200-GeV d + Au collisions}},
	Volume = {91},
	Year = {2003},
	Bdsk-Url-1 = {http://dx.doi.org/10.1103/PhysRevLett.91.072303}}

@article{Adler:2003rc,
	Archiveprefix = {arXiv},
	Author = {Adler, S. S. and others},
	Collaboration = {PHENIX},
	Doi = {10.1103/PhysRevC.69.014901},
	Eprint = {nucl-ex/0305030},
	Journal = {Phys. Rev.},
	Pages = {014901},
	Primaryclass = {nucl-ex},
	Slaccitation = {%%CITATION = NUCL-EX/0305030;%%},
	Title = {{J / psi production in Au Au collisions at s(NN)**(1/2) = 200-GeV at the Relativistic Heavy Ion Collider}},
	Volume = {C69},
	Year = {2004},
	Bdsk-Url-1 = {http://dx.doi.org/10.1103/PhysRevC.69.014901}}

@article{Adler:2003kt,
	Archiveprefix = {arXiv},
	Author = {Adler, S. S. and others},
	Collaboration = {PHENIX},
	Doi = {10.1103/PhysRevLett.91.182301},
	Eprint = {nucl-ex/0305013},
	Journal = {Phys. Rev. Lett.},
	Pages = {182301},
	Primaryclass = {nucl-ex},
	Slaccitation = {%%CITATION = NUCL-EX/0305013;%%},
	Title = {{Elliptic flow of identified hadrons in Au+Au collisions at s(NN)**(1/2) = 200-GeV}},
	Volume = {91},
	Year = {2003},
	Bdsk-Url-1 = {http://dx.doi.org/10.1103/PhysRevLett.91.182301}}

@article{Adamova:2003pz,
	Archiveprefix = {arXiv},
	Author = {Adamova, D. and others},
	Collaboration = {CERES},
	Doi = {10.1016/j.nuclphysa.2003.07.018},
	Eprint = {nucl-ex/0305002},
	Journal = {Nucl. Phys.},
	Pages = {97-119},
	Primaryclass = {nucl-ex},
	Slaccitation = {%%CITATION = NUCL-EX/0305002;%%},
	Title = {{Event by event fluctuations of the mean transverse momentum in 40, 80 and 158 A GeV / c Pb - Au collisions}},
	Volume = {A727},
	Year = {2003},
	Bdsk-Url-1 = {http://dx.doi.org/10.1016/j.nuclphysa.2003.07.018}}

@article{Adler:2003kg,
	Archiveprefix = {arXiv},
	Author = {Adler, S. S. and others},
	Collaboration = {PHENIX},
	Doi = {10.1103/PhysRevLett.91.172301},
	Eprint = {nucl-ex/0305036},
	Journal = {Phys. Rev. Lett.},
	Pages = {172301},
	Primaryclass = {nucl-ex},
	Slaccitation = {%%CITATION = NUCL-EX/0305036;%%},
	Title = {{Scaling properties of proton and anti-proton production in s(NN)**(1/2) 200-GeV Au+Au collisions}},
	Volume = {91},
	Year = {2003},
	Bdsk-Url-1 = {http://dx.doi.org/10.1103/PhysRevLett.91.172301}}

@article{Adler:2003qi,
	Archiveprefix = {arXiv},
	Author = {Adler, S. S. and others},
	Collaboration = {PHENIX},
	Doi = {10.1103/PhysRevLett.91.072301},
	Eprint = {nucl-ex/0304022},
	Journal = {Phys. Rev. Lett.},
	Pages = {072301},
	Primaryclass = {nucl-ex},
	Slaccitation = {%%CITATION = NUCL-EX/0304022;%%},
	Title = {{Suppressed pi^0 production at large transverse momentum in central Au+ Au collisions at S(NN)**1/2 = 200 GeV}},
	Volume = {91},
	Year = {2003},
	Bdsk-Url-1 = {http://dx.doi.org/10.1103/PhysRevLett.91.072301}}

@article{Adler:2003pb,
	Archiveprefix = {arXiv},
	Author = {Adler, S. S. and others},
	Collaboration = {PHENIX},
	Doi = {10.1103/PhysRevLett.91.241803},
	Eprint = {hep-ex/0304038},
	Journal = {Phys. Rev. Lett.},
	Pages = {241803},
	Primaryclass = {hep-ex},
	Slaccitation = {%%CITATION = HEP-EX/0304038;%%},
	Title = {{Mid-rapidity neutral pion production in proton proton collisions at $\sqrt{s}$ = 200-GeV}},
	Volume = {91},
	Year = {2003},
	Bdsk-Url-1 = {http://dx.doi.org/10.1103/PhysRevLett.91.241803}}

@article{Agakichiev:2003gg,
	Archiveprefix = {arXiv},
	Author = {Agakichiev, G. and others},
	Collaboration = {CERES/NA45},
	Doi = {10.1103/PhysRevLett.92.032301},
	Eprint = {nucl-ex/0303014},
	Journal = {Phys. Rev. Lett.},
	Pages = {032301},
	Primaryclass = {nucl-ex},
	Slaccitation = {%%CITATION = NUCL-EX/0303014;%%},
	Title = {{Semihard scattering unraveled from collective dynamics by two pion correlations in 158-A-GeV / c Pb + Au collisions}},
	Volume = {92},
	Year = {2004},
	Bdsk-Url-1 = {http://dx.doi.org/10.1103/PhysRevLett.92.032301}}

@article{Aggarwal:2002tm,
	Archiveprefix = {arXiv},
	Author = {Aggarwal, M. M. and others},
	Collaboration = {WA98},
	Doi = {10.1103/PhysRevC.67.014906},
	Eprint = {nucl-ex/0210002},
	Journal = {Phys. Rev.},
	Pages = {014906},
	Primaryclass = {nucl-ex},
	Slaccitation = {%%CITATION = NUCL-EX/0210002;%%},
	Title = {{One, two and three particle distributions from 158-A-GeV/c central Pb + Pb collisions}},
	Volume = {C67},
	Year = {2003},
	Bdsk-Url-1 = {http://dx.doi.org/10.1103/PhysRevC.67.014906}}

@article{Adamova:2002kf,
	Archiveprefix = {arXiv},
	Author = {Adamova, D. and others},
	Collaboration = {CERES/NA45},
	Doi = {10.1103/PhysRevLett.91.042301},
	Eprint = {nucl-ex/0209024},
	Journal = {Phys. Rev. Lett.},
	Pages = {042301},
	Primaryclass = {nucl-ex},
	Slaccitation = {%%CITATION = NUCL-EX/0209024;%%},
	Title = {{Enhanced production of low mass electron pairs in 40-AGeV Pb - Au collisions at the CERN SPS}},
	Volume = {91},
	Year = {2003},
	Bdsk-Url-1 = {http://dx.doi.org/10.1103/PhysRevLett.91.042301}}

@article{Adamova:2002ff,
	Archiveprefix = {arXiv},
	Author = {Adamova, D. and others},
	Collaboration = {CERES},
	Doi = {10.1103/PhysRevLett.90.022301},
	Eprint = {nucl-ex/0207008},
	Journal = {Phys. Rev. Lett.},
	Pages = {022301},
	Primaryclass = {nucl-ex},
	Slaccitation = {%%CITATION = NUCL-EX/0207008;%%},
	Title = {{Universal pion freezeout in heavy ion collisions}},
	Volume = {90},
	Year = {2003},
	Bdsk-Url-1 = {http://dx.doi.org/10.1103/PhysRevLett.90.022301}}

@article{Adamova:2002wi,
	Archiveprefix = {arXiv},
	Author = {Adamova, D. and others},
	Collaboration = {CERES},
	Doi = {10.1016/S0375-9474(02)01369-6},
	Eprint = {nucl-ex/0207005},
	Journal = {Nucl. Phys.},
	Pages = {124-144},
	Primaryclass = {nucl-ex},
	Slaccitation = {%%CITATION = NUCL-EX/0207005;%%},
	Title = {{Beam energy and centrality dependence of two pion Bose-Einstein correlations at SPS energies}},
	Volume = {A714},
	Year = {2003},
	Bdsk-Url-1 = {http://dx.doi.org/10.1016/S0375-9474(02)01369-6}}

@article{Aggarwal:2002tf,
	Archiveprefix = {arXiv},
	Author = {Aggarwal, M. M. and others},
	Collaboration = {WA98},
	Doi = {10.1103/PhysRevC.67.044901},
	Eprint = {nucl-ex/0206017},
	Journal = {Phys. Rev.},
	Pages = {044901},
	Primaryclass = {nucl-ex},
	Slaccitation = {%%CITATION = NUCL-EX/0206017;%%},
	Title = {{Centrality dependence of charged neutral particle fluctuations in 158-A-GeV Pb-208 + Pb-208 collisions}},
	Volume = {C67},
	Year = {2003},
	Bdsk-Url-1 = {http://dx.doi.org/10.1103/PhysRevC.67.044901}}

@article{Schmitz:2002mx,
	Archiveprefix = {arXiv},
	Author = {Schmitz, Wolfgang and others},
	Booktitle = {{Strange quarks in matter. Proceedings, 6th International Conference, SQM 2001, Frankfurt, Germany, September 24-29, 2001}},
	Collaboration = {CERES},
	Doi = {10.1088/0954-3899/28/7/340},
	Eprint = {nucl-ex/0201002},
	Journal = {J. Phys.},
	Pages = {1861-1868},
	Primaryclass = {nucl-ex},
	Slaccitation = {%%CITATION = NUCL-EX/0201002;%%},
	Title = {{Lambda production in 40-A-GeV / c Pb Au collisions}},
	Volume = {G28},
	Year = {2002},
	Bdsk-Url-1 = {http://dx.doi.org/10.1088/0954-3899/28/7/340}}

@article{Aggarwal:2001gn,
	Archiveprefix = {arXiv},
	Author = {Aggarwal, M. M. and others},
	Collaboration = {WA98},
	Doi = {10.1007/s100520100886},
	Eprint = {nucl-ex/0108006},
	Journal = {Eur. Phys. J.},
	Pages = {225-236},
	Primaryclass = {nucl-ex},
	Slaccitation = {%%CITATION = NUCL-EX/0108006;%%},
	Title = {{Transverse mass distributions of neutral pions from Pb-208 induced reactions at 158-A-GeV}},
	Volume = {C23},
	Year = {2002},
	Bdsk-Url-1 = {http://dx.doi.org/10.1007/s100520100886}}

@article{Aggarwal:2001aa,
	Archiveprefix = {arXiv},
	Author = {Aggarwal, M. M. and others},
	Collaboration = {WA98},
	Doi = {10.1103/PhysRevC.65.054912},
	Eprint = {nucl-ex/0108029},
	Journal = {Phys. Rev.},
	Pages = {054912},
	Primaryclass = {nucl-ex},
	Slaccitation = {%%CITATION = NUCL-EX/0108029;%%},
	Title = {{Event-by-event fluctuations in particle multiplicities and transverse energy produced in 158-A-GeV Pb + Pb collisions}},
	Volume = {C65},
	Year = {2002},
	Bdsk-Url-1 = {http://dx.doi.org/10.1103/PhysRevC.65.054912}}

@article{Aggarwal:2000aw,
	Archiveprefix = {arXiv},
	Author = {Aggarwal, M. M. and others},
	Collaboration = {WA98},
	Doi = {10.1103/PhysRevC.64.011901},
	Eprint = {nucl-ex/0012004},
	Journal = {Phys. Rev.},
	Pages = {011901},
	Primaryclass = {nucl-ex},
	Slaccitation = {%%CITATION = NUCL-EX/0012004;%%},
	Title = {{Localized charged neutral fluctuations in 158 A GeV Pb + Pb collisions}},
	Volume = {C64},
	Year = {2001},
	Bdsk-Url-1 = {http://dx.doi.org/10.1103/PhysRevC.64.011901}}

@article{Aggarwal:2000ex,
	Archiveprefix = {arXiv},
	Author = {Aggarwal, M. M. and others},
	Collaboration = {WA98},
	Doi = {10.1103/PhysRevLett.85.2895},
	Eprint = {hep-ex/0008018},
	Journal = {Phys. Rev. Lett.},
	Pages = {2895},
	Primaryclass = {hep-ex},
	Slaccitation = {%%CITATION = HEP-EX/0008018;%%},
	Title = {{Three pion interferometry results from central Pb + Pb collisions at 158-A-GeV/c}},
	Volume = {85},
	Year = {2000},
	Bdsk-Url-1 = {http://dx.doi.org/10.1103/PhysRevLett.85.2895}}

@article{Aggarwal:2000bc,
	Archiveprefix = {arXiv},
	Author = {Aggarwal, M. M. and others},
	Collaboration = {WA98},
	Doi = {10.1007/s100520100578},
	Eprint = {nucl-ex/0008004},
	Journal = {Eur. Phys. J.},
	Pages = {651-663},
	Primaryclass = {nucl-ex},
	Slaccitation = {%%CITATION = NUCL-EX/0008004;%%},
	Title = {{Scaling of particle and transverse energy production in Pb-208 + Pb-208 collisions at 158-A-GeV}},
	Volume = {C18},
	Year = {2001},
	Bdsk-Url-1 = {http://dx.doi.org/10.1007/s100520100578}}

@article{Aggarwal:2000th,
	Archiveprefix = {arXiv},
	Author = {Aggarwal, M. M. and others},
	Collaboration = {WA98},
	Doi = {10.1103/PhysRevLett.85.3595},
	Eprint = {nucl-ex/0006008},
	Journal = {Phys. Rev. Lett.},
	Pages = {3595-3599},
	Primaryclass = {nucl-ex},
	Slaccitation = {%%CITATION = NUCL-EX/0006008;%%},
	Title = {{Observation of direct photons in central 158-A-GeV Pb-208 + Pb-208 collisions}},
	Volume = {85},
	Year = {2000},
	Bdsk-Url-1 = {http://dx.doi.org/10.1103/PhysRevLett.85.3595}}

@article{Aggarwal:2000mw,
	Author = {Aggarwal, M. M. and others},
	Collaboration = {WA98},
	Doi = {10.1016/S0370-2693(00)00224-0},
	Journal = {Phys. Lett.},
	Pages = {37-44},
	Slaccitation = {%%CITATION = PHLTA,B477,37;%%},
	Title = {{Delta++ production in 158-A-GeV Pb-208 + Pb-208 interactions at the CERN SPS}},
	Volume = {B477},
	Year = {2000},
	Bdsk-Url-1 = {http://dx.doi.org/10.1016/S0370-2693(00)00224-0}}

@article{Aggarwal:2000zs,
	Archiveprefix = {arXiv},
	Author = {Aggarwal, M. M. and others},
	Collaboration = {WA98},
	Doi = {10.1007/s100520000413},
	Eprint = {hep-ex/0003009},
	Journal = {Eur. Phys. J.},
	Pages = {445-451},
	Primaryclass = {hep-ex},
	Slaccitation = {%%CITATION = HEP-EX/0003009;%%},
	Title = {{Central Pb + Pb collisions at 158/A - GeV/c studied by pi - pi interferometry}},
	Volume = {C16},
	Year = {2000},
	Bdsk-Url-1 = {http://dx.doi.org/10.1007/s100520000413}}

@article{Aggarwal:1999uq,
	Archiveprefix = {arXiv},
	Author = {Aggarwal, M. M. and others},
	Collaboration = {WA98},
	Doi = {10.1016/S0370-2693(99)00560-2},
	Eprint = {nucl-ex/9903006},
	Journal = {Phys. Lett.},
	Pages = {422-430},
	Primaryclass = {nucl-ex},
	Slaccitation = {%%CITATION = NUCL-EX/9903006;%%},
	Title = {{Systematics of inclusive photon production in 158-A-GeV Pb induced reactions on Ni, Nb, and Pb targets}},
	Volume = {B458},
	Year = {1999},
	Bdsk-Url-1 = {http://dx.doi.org/10.1016/S0370-2693(99)00560-2}}

@article{Aggarwal:1999ur,
	Author = {Aggarwal, M. M. and others},
	Collaboration = {WA98},
	Doi = {10.1016/S0370-2693(99)01289-7},
	Journal = {Phys. Lett.},
	Pages = {30-36},
	Slaccitation = {%%CITATION = PHLTA,B469,30;%%},
	Title = {{Elliptic emission of K+ and pi+ in 158-A-GeV Pb + Pb collisions}},
	Volume = {B469},
	Year = {1999},
	Bdsk-Url-1 = {http://dx.doi.org/10.1016/S0370-2693(99)01289-7}}

@article{Aggarwal:1999hk,
	Archiveprefix = {arXiv},
	Author = {Aggarwal, M. M. and others},
	Collaboration = {WA98},
	Doi = {10.1103/PhysRevLett.83.926},
	Eprint = {nucl-ex/9901009},
	Journal = {Phys. Rev. Lett.},
	Pages = {926-930},
	Primaryclass = {nucl-ex},
	Reportnumber = {IKP-MS-990102},
	Slaccitation = {%%CITATION = NUCL-EX/9901009;%%},
	Title = {{Freezeout parameters in central 158/A-GeV Pb-208 + Pb-208 collisions}},
	Volume = {83},
	Year = {1999},
	Bdsk-Url-1 = {http://dx.doi.org/10.1103/PhysRevLett.83.926}}

@article{Aggarwal:1998vh,
	Archiveprefix = {arXiv},
	Author = {Aggarwal, M. M. and others},
	Collaboration = {WA98},
	Doi = {10.1103/PhysRevLett.81.4087},
	Eprint = {nucl-ex/9806004},
	Journal = {Phys. Rev. Lett.},
	Note = {[Erratum: Phys. Rev. Lett.84,578(2000)]},
	Pages = {4087-4091},
	Primaryclass = {nucl-ex},
	Reportnumber = {IKP-MS-980601},
	Slaccitation = {%%CITATION = NUCL-EX/9806004;%%},
	Title = {{Centrality dependence of neutral pion production in 158-A-GeV Pb-208 + Pb-208 collisions}},
	Volume = {81},
	Year = {1998},
	Bdsk-Url-1 = {http://dx.doi.org/10.1103/PhysRevLett.81.4087}}

@article{Agakishiev:1997au,
	Archiveprefix = {arXiv},
	Author = {Agakishiev, G. and others},
	Collaboration = {CERES/NA45},
	Doi = {10.1016/S0370-2693(98)00083-5},
	Eprint = {nucl-ex/9712008},
	Journal = {Phys. Lett.},
	Pages = {405-412},
	Primaryclass = {nucl-ex},
	Slaccitation = {%%CITATION = NUCL-EX/9712008;%%},
	Title = {{Low mass e+ e- pair production in 158/A-GeV Pb - Au collisions at the CERN SPS, its dependence on multiplicity and transverse momentum}},
	Volume = {B422},
	Year = {1998},
	Bdsk-Url-1 = {http://dx.doi.org/10.1016/S0370-2693(98)00083-5}}

@article{Aggarwal:1997hd,
	Archiveprefix = {arXiv},
	Author = {Aggarwal, M. M. and others},
	Collaboration = {WA98},
	Doi = {10.1016/S0370-2693(97)01528-1},
	Eprint = {hep-ex/9710015},
	Journal = {Phys. Lett.},
	Pages = {169-179},
	Primaryclass = {hep-ex},
	Slaccitation = {%%CITATION = HEP-EX/9710015;%%},
	Title = {{Search for disoriented chiral condensates in 158-GeV/A Pb + Pb collisions}},
	Volume = {B420},
	Year = {1998},
	Bdsk-Url-1 = {http://dx.doi.org/10.1016/S0370-2693(97)01528-1}}

@book{JanRak2013,
	Author = {Jan Rak and Michael J. Tannenbaum},
	Editor = {http://www.cambridge.org/fr/knowledge/isbn/item6947421/High-pT%20Physics%20in%20the%20Heavy%20Ion%20Era/?site_locale=fr_FR},
	Owner = {janrak},
	Publisher = {Cambridge University Press},
	Timestamp = {2013.02.20},
	Title = {"{H}igh-p{T} physics in the {H}eavy {I}on {E}ra"},
	Url = {http://www.cambridge.org/fr/knowledge/isbn/item6947421/High-pT%20Physics%20in%20the%20Heavy%20Ion%20Era/?site_locale=fr_FR},
	Year = {2013},
	Bdsk-Url-1 = {http://www.cambridge.org/fr/knowledge/isbn/item6947421/High-pT%20Physics%20in%20the%20Heavy%20Ion%20Era/?site_locale=fr_FR}}

@article{longPRC:2006sc,
	Author = {Adler, S. S. and others},
	Collaboration = {PHENIX},
	Comment = {PHENIX long ppg029},
	Doi = {10.1103/PhysRevD.74.072002},
	Eprint = {hep-ex/0605039},
	File = {:Users/janrak/ajan/ppg129/a_PRD_version.pdf:PDF},
	Journal = {Phys. Rev. D},
	Owner = {janrak},
	Pages = {072002},
	Slaccitation = {%%CITATION = HEP-EX 0605039;%%},
	Timestamp = {2006.09.17},
	Title = {{J}et properties from dihadron correlations in p + p collisions at s**(1/2) = 200-{G}e{V}},
	Volume = {D74},
	Year = {2006},
	Bdsk-Url-1 = {http://dx.doi.org/10.1103/PhysRevD.74.072002}}

@article{Agakishiev:1996sq,
	Author = {Agakishiev, G. and Barannikova, Olga Yu. and Ceretto, F. and Faschingbauer, U. and Glassel, P. and others},
	Doi = {10.1016/S0168-9002(97)00658-X},
	Journal = {Nucl.Instrum.Meth.},
	Pages = {225-231},
	Title = {{A New robust fitting algorithm for vertex reconstruction in the CERES experiment}},
	Volume = {A394},
	Year = {1997},
	Bdsk-Url-1 = {http://dx.doi.org/10.1016/S0168-9002(97)00658-X}}

@article{Kim:2008zz,
	Author = {Kim, D.J. and Diaz, R. and Alho, T. and Rasanen, Sami and Rak, J.},
	Journal = {PoS},
	Title = {{Analysis of the direct photon associated spectra from RHIC to LHC}},
	Volume = {HIGH-PTLHC08},
	Year = {2008}}

@article{:2007by,
	Archiveprefix = {arXiv},
	Author = {Adler, S.S. and others},
	Collaboration = {PHENIX Collaboration},
	Doi = {10.1103/PhysRevC.77.014905},
	Eprint = {arXiv:0708.2416},
	Journal = {Phys.Rev.},
	Pages = {014905},
	Primaryclass = {nucl-ex},
	Title = {{Centrality dependence of charged hadron production in deuteron + gold and nucleon + gold collisions at s(NN)**(1/2) = 200-GeV}},
	Volume = {C77},
	Year = {2008},
	Bdsk-Url-1 = {http://dx.doi.org/10.1103/PhysRevC.77.014905}}

@article{Agakishiev:1998vt,
	Author = {Agakishiev, G. and others},
	Collaboration = {CERES Collaboration},
	Doi = {10.1016/S0375-9474(98)00410-2},
	Journal = {Nucl.Phys.},
	Pages = {159-170},
	Title = {{CERES results on low mass electron pair production in Pb Au collisions}},
	Volume = {A638},
	Year = {1998},
	Bdsk-Url-1 = {http://dx.doi.org/10.1016/S0375-9474(98)00410-2}}

@article{Aggarwal:2000uj,
	Author = {Aggarwal, M.M. and others},
	Collaboration = {WA98 Collaboration},
	Doi = {10.1016/S0375-9474(99)00704-6},
	Journal = {Nucl.Phys.},
	Pages = {729-732},
	Title = {{Collective flow and HBT in Pb + Pb collisions at the CERN SPS}},
	Volume = {A663},
	Year = {2000},
	Bdsk-Url-1 = {http://dx.doi.org/10.1016/S0375-9474(99)00704-6}}

@article{Aggarwal:1998ws,
	Author = {Aggarwal, M.M. and others},
	Collaboration = {WA98 Collaboration},
	Doi = {10.1016/S0375-9474(98)00373-X},
	Journal = {Nucl.Phys.},
	Pages = {459-462},
	Title = {{Collective flow in 158-A-GeV Pb + Pb collisions}},
	Volume = {A638},
	Year = {1998},
	Bdsk-Url-1 = {http://dx.doi.org/10.1016/S0375-9474(98)00373-X}}

@article{:2008cqb,
	Archiveprefix = {arXiv},
	Author = {Adare, A. and others},
	Collaboration = {PHENIX Collaboration},
	Doi = {10.1103/PhysRevC.78.014901},
	Eprint = {arXiv:0801.4545},
	Journal = {Phys.Rev.},
	Pages = {014901},
	Primaryclass = {nucl-ex},
	Title = {{Dihadron azimuthal correlations in Au+Au collisions at s(NN)**(1/2) = 200-GeV}},
	Volume = {C78},
	Year = {2008},
	Bdsk-Url-1 = {http://dx.doi.org/10.1103/PhysRevC.78.014901}}

@article{:2008rp,
	Archiveprefix = {arXiv},
	Author = {Marin, A. and others},
	Collaboration = {CERES Collaboration},
	Eprint = {arXiv:0802.2679},
	Journal = {PoS},
	Pages = {034},
	Primaryclass = {nucl-ex},
	Title = {{Dilepton measurements with CERES}},
	Volume = {CPOD07},
	Year = {2007}}

@article{Aggarwal:2000ps,
	Archiveprefix = {arXiv},
	Author = {Aggarwal, M.M. and others},
	Collaboration = {WA98 Collaboration},
	Eprint = {nucl-ex/0006007},
	Journal = {Phys.Rev.C},
	Primaryclass = {nucl-ex},
	Title = {{Direct photon production in 158-A-GeV Pb-208 + Pb-208 collisions}},
	Year = {2000}}

@article{Aggarwal:2002qt,
	Author = {Aggarwal, M.M. and Agnihotri, A. and Ahammed, Z. and Angelis, A.L.S. and Antonenko, V. and others},
	Doi = {10.1016/S0375-9474(01)01357-4},
	Journal = {Nucl.Phys.},
	Pages = {135-142},
	Title = {{Direct photons in WA98}},
	Volume = {A698},
	Year = {2002},
	Bdsk-Url-1 = {http://dx.doi.org/10.1016/S0375-9474(01)01357-4}}

@article{Aggarwal:1998vg,
	Archiveprefix = {arXiv},
	Author = {Aggarwal, M.M. and others},
	Collaboration = {WA98 Collaboration},
	Eprint = {nucl-ex/9807004},
	Journal = {Phys.Rev.Lett.},
	Primaryclass = {nucl-ex},
	Title = {{Directed flow in 158-A-GeV Pb-208 + Pb-208 collisions}},
	Year = {1998}}

@article{Aggarwal:1999jb,
	Author = {Aggarwal, M.M. and others},
	Collaboration = {WA98 Collaboration},
	Doi = {10.1016/S0375-9474(99)85066-0},
	Journal = {Nucl.Phys.},
	Pages = {464-467},
	Title = {{Elliptic emission of K+ in 158-A-GeV Pb + Pb collisions}},
	Volume = {A661},
	Year = {1999},
	Bdsk-Url-1 = {http://dx.doi.org/10.1016/S0375-9474(99)85066-0}}

@article{Rak:2011zza,
	Author = {Rak, Jan},
	Collaboration = {ALICE Collaboration},
	Doi = {10.1016/j.nuclphysa.2011.02.106},
	Journal = {Nucl.Phys.},
	Pages = {461-464},
	Slaccitation = {%%CITATION = NUPHA,A855,461;%%},
	Title = {{Emerging picture of hard scattering phenomena in p + p collisions at s**(1/2) = 7-TeV in ALICE}},
	Volume = {A855},
	Year = {2011},
	Bdsk-Url-1 = {http://dx.doi.org/10.1016/j.nuclphysa.2011.02.106}}

@article{:2007xw,
	Archiveprefix = {arXiv},
	Author = {Afanasiev, S. and others},
	Collaboration = {PHENIX Collaboration},
	Eprint = {arXiv:0706.3034},
	Journal = {Phys.Rev.Lett.},
	Primaryclass = {nucl-ex},
	Title = {{Enhancement of the dielectron continuum in s(NN)**(1/2) = 200-geV Au+Au collisions}},
	Year = {2007}}

@article{Appelshauser:2004ms,
	Archiveprefix = {arXiv},
	Author = {Appelshauser, Harald and others},
	Collaboration = {CERES Collaboration},
	Doi = {10.1016/j.nuclphysa.2005.02.142},
	Eprint = {nucl-ex/0409022},
	Journal = {Nucl.Phys.},
	Pages = {394-397},
	Primaryclass = {nucl-ex},
	Title = {{Event-by-event fluctuations at SPS}},
	Volume = {A752},
	Year = {2005},
	Bdsk-Url-1 = {http://dx.doi.org/10.1016/j.nuclphysa.2005.02.142}}

@article{Aggarwal:1997ad,
	Author = {Aggarwal, M.M. and others},
	Collaboration = {WA98 Collaboration},
	Journal = {Prog.Theor.Phys.Suppl.},
	Pages = {179-183},
	Title = {{First evidence of directed flow at 158-A-GeV Pb + Pb collisions in WA98 experiment}},
	Volume = {129},
	Year = {1997}}

@article{Ullrich:1996wt,
	Author = {Ullrich, T. and others},
	Collaboration = {CERES Collaboration},
	Doi = {10.1016/S0375-9474(96)00366-1},
	Journal = {Nucl.Phys.},
	Pages = {317C-330C},
	Title = {{First results from CERES/NA45 on low mass electron pair production in Pb Au collisions}},
	Volume = {A610},
	Year = {1996},
	Bdsk-Url-1 = {http://dx.doi.org/10.1016/S0375-9474(96)00366-1}}

@article{Agakishiev:1999ka,
	Author = {Agakishiev, G. and others},
	Collaboration = {CERES Collaboration},
	Doi = {10.1016/S0375-9474(99)85115-X},
	Journal = {Nucl.Phys.},
	Pages = {673-676},
	Title = {{First results from the CERES radial TPC}},
	Volume = {A661},
	Year = {1999},
	Bdsk-Url-1 = {http://dx.doi.org/10.1016/S0375-9474(99)85115-X}}

@article{Rak:2006zi,
	Author = {Rak, J.},
	Collaboration = {PHENIX Collaboration},
	Doi = {10.1063/1.2220210},
	Journal = {AIP Conf.Proc.},
	Owner = {janrak},
	Pages = {128-130},
	Timestamp = {2010.10.28},
	Title = {{Fragmentation function and partonic k(T) at 200-GeV}},
	Volume = {842},
	Year = {2006},
	Bdsk-Url-1 = {http://dx.doi.org/10.1063/1.2220210}}

@article{Rak:2007ky,
	Archiveprefix = {arXiv},
	Author = {Rak, Jan},
	Doi = {10.1016/j.nuclphysbps.2007.11.104},
	Eprint = {arXiv:0711.0981},
	Journal = {Nucl.Phys.Proc.Suppl.},
	Pages = {167-172},
	Primaryclass = {hep-ex},
	Title = {{From RHIC to LHC}},
	Volume = {177-178},
	Year = {2008},
	Bdsk-Url-1 = {http://dx.doi.org/10.1016/j.nuclphysbps.2007.11.104}}

@article{Agakishiev:1998wu,
	Author = {Agakishiev, G. and others},
	Collaboration = {CERES Collaboration},
	Doi = {10.1016/S0375-9474(98)00383-2},
	Journal = {Nucl.Phys.},
	Pages = {467-470},
	Title = {{Hadron physics with CERES: Spectra and collective flow}},
	Volume = {A638},
	Year = {1998},
	Bdsk-Url-1 = {http://dx.doi.org/10.1016/S0375-9474(98)00383-2}}

@article{Muller:2010zzc,
	Author = {Muller, Hans and Awes, Terry C. and Novitzky, Norbert and Kral, Jiri and Rak, Jan and others},
	Collaboration = {EMCal Collaboration},
	Doi = {10.1016/j.nima.2009.06.097},
	Journal = {Nucl.Instrum.Meth.},
	Pages = {344-347},
	Slaccitation = {%%CITATION = NUIMA,A617,344;%%},
	Title = {{Hierarchical trigger of the ALICE calorimeters}},
	Volume = {A617},
	Year = {2010},
	Bdsk-Url-1 = {http://dx.doi.org/10.1016/j.nima.2009.06.097}}

@article{Rak:2003ay,
	Archiveprefix = {arXiv},
	Author = {Rak, Jan},
	Collaboration = {PHENIX Collaboration},
	Eprint = {nucl-ex/0306031},
	Journal = {nucl-ex/0306031},
	Pages = {176-187},
	Primaryclass = {nucl-ex},
	Title = {{High p(t) charged particle azimuthal correlations at RHIC}},
	Year = {2003}}

@article{Agakishiev:2000bt,
	Archiveprefix = {arXiv},
	Author = {Agakishiev, G. and others},
	Collaboration = {CERES Collaboration},
	Eprint = {hep-ex/0003012},
	Primaryclass = {hep-ex},
	Title = {{High p-perpendicular charged pion production in Pb Au collisions at 158-AGeV/c}},
	Year = {2000}}

@article{Rak:2009zz,
	Author = {Rak, Jan},
	Collaboration = {PHENIX Collaboration},
	Doi = {10.1063/1.3122154},
	Journal = {AIP Conf.Proc.},
	Owner = {janrak},
	Pages = {119-124},
	Timestamp = {2013.02.20},
	Title = {{High-p(T) particle and jets}},
	Volume = {1105},
	Year = {2009},
	Bdsk-Url-1 = {http://dx.doi.org/10.1063/1.3122154}}

@article{Rak:2007qa,
	Archiveprefix = {arXiv},
	Author = {Rak, Jan},
	Doi = {10.1016/j.nuclphysa.2006.11.098},
	Eprint = {hep-ex/0701037},
	Journal = {Nucl.Phys.},
	Pages = {471-476},
	Primaryclass = {hep-ex},
	Title = {{Jet properties from di-hadron correlations in p+p collisions at s**(1/2) = 200-GeV}},
	Volume = {A783},
	Year = {2007},
	Bdsk-Url-1 = {http://dx.doi.org/10.1016/j.nuclphysa.2006.11.098}}

@article{Kim:2010zj,
	Archiveprefix = {arXiv},
	Author = {Kim, D.J and Rasanen, Sami and Rak, Jan},
	Eprint = {1002.2709},
	Primaryclass = {hep-ex},
	Slaccitation = {%%CITATION = ARXIV:1002.2709;%%},
	Title = {{Jet properties from direct $\gamma$ - hadron correlation in PHENIX at RHIC}},
	Year = {2010}}

@article{Kral:2012ae,
	Author = {Kral, Jiri and Awes, Terry and Muller, Hans and Rak, Jan and Schambach, Joachim},
	Doi = {10.1016/j.nima.2012.06.065},
	Journal = {Nucl.Instrum.Meth.},
	Pages = {261-267},
	Slaccitation = {%%CITATION = NUIMA,A693,261;%%},
	Title = {{L0 trigger for the EMCal detector of the ALICE experiment}},
	Volume = {A693},
	Year = {2012},
	Bdsk-Url-1 = {http://dx.doi.org/10.1016/j.nima.2012.06.065}}

@article{Wessels:2002ha,
	Archiveprefix = {arXiv},
	Author = {Wessels, Johannes P. and others},
	Collaboration = {CERES/NA45 Collaboration},
	Doi = {10.1016/S0375-9474(02)01435-5},
	Eprint = {nucl-ex/0212015},
	Journal = {Nucl.Phys.},
	Pages = {262-271},
	Primaryclass = {nucl-ex},
	Title = {{Latest results from CERES / NA45}},
	Volume = {A715},
	Year = {2003},
	Bdsk-Url-1 = {http://dx.doi.org/10.1016/S0375-9474(02)01435-5}}

@article{Adamova:2005qp,
	Author = {Adamova, D. and others},
	Collaboration = {CERES Collaboration},
	Doi = {10.1016/j.nuclphysa.2004.12.025},
	Journal = {Nucl.Phys.},
	Pages = {160-165},
	Title = {{Latest results on e+ e- pair production in CERES}},
	Volume = {A749},
	Year = {2005},
	Bdsk-Url-1 = {http://dx.doi.org/10.1016/j.nuclphysa.2004.12.025}}

@article{Brudanin:1995uj,
	Author = {Brudanin, V. and Egorov, V. and Filipova, T. and Kachalkin, A. and Kovalenko, V. and others},
	Doi = {10.1016/0375-9474(95)00052-3},
	Journal = {Nucl.Phys.},
	Pages = {577-595},
	Title = {{Measurement of the induced pseudoscalar form-factor in the capture of polarized muons by Si nuclei}},
	Volume = {A587},
	Year = {1995},
	Bdsk-Url-1 = {http://dx.doi.org/10.1016/0375-9474(95)00052-3}}

@article{Rak:2005ya,
	Author = {Rak, J.},
	Doi = {10.1556/APH.24.2005.1-4.40},
	Journal = {Acta Phys.Hung.},
	Pages = {291-297},
	Title = {{Measurement of the jet properties and their modifications in heavy ion collisions}},
	Volume = {A24},
	Year = {2005},
	Bdsk-Url-1 = {http://dx.doi.org/10.1556/APH.24.2005.1-4.40}}

@article{Adamova:2006nu,
	Archiveprefix = {arXiv},
	Author = {Adamova, D. and Agakichiev, G. and Appelshauser, H. and Belaga, V. and Bielcikova, J. and others},
	Doi = {10.1016/j.physletb.2008.07.104},
	Eprint = {nucl-ex/0611022},
	Journal = {Phys.Lett.},
	Pages = {425-429},
	Primaryclass = {nucl-ex},
	Title = {{Modification of the rho-meson detected by low-mass electron-positron pairs in central Pb-Au collisions at 158-A-GeV/c}},
	Volume = {B666},
	Year = {2008},
	Bdsk-Url-1 = {http://dx.doi.org/10.1016/j.physletb.2008.07.104}}

@article{Nayak:2000rr,
	Archiveprefix = {arXiv},
	Author = {Nayak, Tapan K. and others},
	Collaboration = {WA98 Collaboration},
	Doi = {10.1007/s12043-001-0039-3},
	Eprint = {nucl-ex/0103007},
	Journal = {Pramana},
	Pages = {285-300},
	Primaryclass = {nucl-ex},
	Title = {{Multiplicity distributions and charged neutral fluctuations}},
	Volume = {57},
	Year = {2001},
	Bdsk-Url-1 = {http://dx.doi.org/10.1007/s12043-001-0039-3}}

@article{Wiaux:1998bh,
	Author = {Wiaux, V. and Deutsch, J. and Govaerts, J. and Lehmann, J. and Otto, T. and others},
	Journal = {Phys.Atom.Nucl.},
	Pages = {1301-1306},
	Title = {{Muon capture on B-11: Pseudoscalar coupling and the hyperfine effect}},
	Volume = {61},
	Year = {1998}}

@article{Adamova:2002qx,
	Author = {Adamova, D. and others},
	Collaboration = {CERES Collaboration},
	Doi = {10.1016/S0375-9474(01)01371-9},
	Journal = {Nucl.Phys.},
	Pages = {253-260},
	Title = {{New results from CERES}},
	Volume = {A698},
	Year = {2002},
	Bdsk-Url-1 = {http://dx.doi.org/10.1016/S0375-9474(01)01371-9}}

@article{Rosselet:2002ru,
	Author = {Rosselet, L. and others},
	Collaboration = {WA98 Collaboration},
	Doi = {10.1016/S0375-9474(01)01449-X},
	Journal = {Nucl.Phys.},
	Pages = {647-650},
	Title = {{One-, two- and three-particle distributions from central Pb + Pb collisions at 158-A-GeV/c}},
	Volume = {A698},
	Year = {2002},
	Bdsk-Url-1 = {http://dx.doi.org/10.1016/S0375-9474(01)01449-X}}

@article{:2008cx,
	Archiveprefix = {arXiv},
	Author = {Adare, A. and others},
	Collaboration = {PHENIX Collaboration},
	Doi = {10.1103/PhysRevLett.101.162301},
	Eprint = {arXiv:0801.4555},
	Journal = {Phys.Rev.Lett.},
	Pages = {162301},
	Primaryclass = {nucl-ex},
	Title = {{Onset of pi0 Suppression Studied in Cu+Cu Collisions at sNN=22.4, 62.4, and 200 GeV}},
	Volume = {101},
	Year = {2008},
	Bdsk-Url-1 = {http://dx.doi.org/10.1103/PhysRevLett.101.162301}}

@article{Mohanty:2002mq,
	Archiveprefix = {arXiv},
	Author = {Mohanty, Bedangadas and Aggarwal, M.M. and Ahammed, Z. and Angelis, A.L.S. and Antonenko, V. and others},
	Doi = {10.1016/S0375-9474(02)01445-8},
	Eprint = {nucl-ex/0208019},
	Journal = {Nucl.Phys.},
	Pages = {339-348},
	Primaryclass = {nucl-ex},
	Title = {{Particle density fluctuations}},
	Volume = {A715},
	Year = {2003},
	Bdsk-Url-1 = {http://dx.doi.org/10.1016/S0375-9474(02)01445-8}}

@article{Rak:2004gk,
	Archiveprefix = {arXiv},
	Author = {Rak, Jan},
	Doi = {10.1088/0954-3899/30/8/115},
	Eprint = {hep-ex/0403038},
	Journal = {J.Phys.G},
	Pages = {S1309-S1312},
	Primaryclass = {hep-ex},
	Title = {{PHENIX measurement of jet properties and their modification in heavy ion collisions}},
	Volume = {G30},
	Year = {2004},
	Bdsk-Url-1 = {http://dx.doi.org/10.1088/0954-3899/30/8/115}}

@article{Peitzmann:1996fb,
	Author = {Peitzmann, T. and others},
	Collaboration = {WA98 Collaboration},
	Doi = {10.1016/S0375-9474(96)00355-7},
	Journal = {Nucl.Phys.},
	Pages = {200C-212C},
	Title = {{Photon and neutral meson production in 158-A-GeV Pb-208 + Pb collisions.}},
	Volume = {A610},
	Year = {1996},
	Bdsk-Url-1 = {http://dx.doi.org/10.1016/S0375-9474(96)00355-7}}

@article{Nikolaev:2003iu,
	Author = {Nikolaev, S. and others},
	Collaboration = {WA98 Collaboration},
	Doi = {10.1016/S0375-9474(02)01531-2},
	Journal = {Nucl.Phys.},
	Pages = {579-582},
	Title = {{Photon flow in 158-A-GeV Pb + Pb collisions}},
	Volume = {A715},
	Year = {2003},
	Bdsk-Url-1 = {http://dx.doi.org/10.1016/S0375-9474(02)01531-2}}

@article{Nayak:1997sx,
	Archiveprefix = {arXiv},
	Author = {Nayak, Tapank K. and others},
	Collaboration = {WA98 Collaboration},
	Doi = {10.1016/S0375-9474(98)00358-3},
	Eprint = {hep-ex/9802019},
	Journal = {Nucl.Phys.},
	Pages = {249C-260C},
	Primaryclass = {hep-ex},
	Title = {{Present status and future of DCC analysis}},
	Volume = {A638},
	Year = {1998},
	Bdsk-Url-1 = {http://dx.doi.org/10.1016/S0375-9474(98)00358-3}}

@article{Adare:2011ht,
	Archiveprefix = {arXiv},
	Author = {Adare, A. and Afanasiev, S. and Aidala, C. and Ajitanand, N.N. and Akiba, Y. and others},
	Collaboration = {PHENIX Collaboration},
	Doi = {10.1103/PhysRevC.84.044902},
	Eprint = {1105.3467},
	Journal = {Phys.Rev.},
	Pages = {044902},
	Primaryclass = {nucl-ex},
	Slaccitation = {%%CITATION = ARXIV:1105.3467;%%},
	Title = {{Production of $\omega$ mesons in $p+p$, d+Au, Cu+Cu, and Au+Au collisions at $\sqrt{s_NN}=200$ GeV}},
	Volume = {C84},
	Year = {2011},
	Bdsk-Url-1 = {http://dx.doi.org/10.1103/PhysRevC.84.044902}}

@article{Lenkeit:1999xu,
	Archiveprefix = {arXiv},
	Author = {Lenkeit, B. and others},
	Collaboration = {CERES-Collaboration},
	Doi = {10.1016/S0375-9474(99)85005-2},
	Eprint = {nucl-ex/9910015},
	Journal = {Nucl.Phys.},
	Pages = {23-32},
	Primaryclass = {nucl-ex},
	Title = {{Recent results from Pb - Au collisions at 158-GeV/c per nucleon obtained with the CERES spectrometer}},
	Volume = {A661},
	Year = {1999},
	Bdsk-Url-1 = {http://dx.doi.org/10.1016/S0375-9474(99)85005-2}}

@article{Peitzmann:1999qd,
	Author = {Peitzmann, T. and others},
	Collaboration = {WA98 Collaboration},
	Doi = {10.1016/S0375-9474(99)85022-2},
	Journal = {Nucl.Phys.},
	Pages = {191-197},
	Title = {{Recent results from the WA98 experiment}},
	Volume = {A661},
	Year = {1999},
	Bdsk-Url-1 = {http://dx.doi.org/10.1016/S0375-9474(99)85022-2}}

@article{Aggarwal:1998vs,
	Author = {Aggarwal, M.M. and others},
	Collaboration = {WA98 Collaboration},
	Doi = {10.1016/S0375-9474(98)00409-6},
	Journal = {Nucl.Phys.},
	Pages = {147-158},
	Title = {{Recent results on Pb + Pb collisions at 158-A-GeV from the WA98 experiment at CERN}},
	Volume = {A638},
	Year = {1998},
	Bdsk-Url-1 = {http://dx.doi.org/10.1016/S0375-9474(98)00409-6}}

@article{Nayak:1999fu,
	Archiveprefix = {arXiv},
	Author = {Nayak, Tapan K. and others},
	Collaboration = {WA98 Collaboration},
	Doi = {10.1016/S0375-9474(99)00709-5},
	Eprint = {nucl-ex/9909018},
	Journal = {Nucl.Phys.},
	Pages = {745-748},
	Primaryclass = {nucl-ex},
	Title = {{Search for disoriented chiral condensates in 158/A-GeV Pb + Pb collisions}},
	Volume = {A663},
	Year = {2000},
	Bdsk-Url-1 = {http://dx.doi.org/10.1016/S0375-9474(99)00709-5}}

@article{Gatti:1984uu,
	Author = {Gatti, E. and Rehak, P.},
	Journal = {Nucl.Instrum.Meth.},
	Pages = {608-614},
	Title = {{SEMICONDUCTOR DRIFT CHAMBER - AN APPLICATION OF A NOVEL CHARGE TRANSPORT SCHEME}},
	Volume = {A225},
	Year = {1984}}

@article{Aggarwal:1999rd,
	Author = {Aggarwal, M.M. and others},
	Collaboration = {WA98 Collaboration},
	Doi = {10.1016/S0375-9474(99)85057-X},
	Journal = {Nucl.Phys.},
	Pages = {427-430},
	Title = {{Two particle correlations in 158-A-GeV collisions}},
	Volume = {A661},
	Year = {1999},
	Bdsk-Url-1 = {http://dx.doi.org/10.1016/S0375-9474(99)85057-X}}

@article{:2009yd,
	Archiveprefix = {arXiv},
	Author = {Adamova, D. and others},
	Collaboration = {CERES Collaboration},
	Eprint = {arXiv:0907.2799},
	Journal = {Phys.Rev.Lett.},
	Primaryclass = {nucl-ex},
	Title = {{Viscosity of the matter created in nucleus-nucleus collisions at the SPS measured via two-pion interferometry}},
	Year = {2009}}

@article{Abelev:2012sq,
	Archiveprefix = {arXiv},
	Author = {Abelev, B. and others},
	Collaboration = {ALICE},
	Doi = {10.1103/PhysRevD.87.052016},
	Eprint = {1212.5958},
	Journal = {Phys. Rev.},
	Number = {5},
	Pages = {052016},
	Primaryclass = {hep-ex},
	Slaccitation = {%%CITATION = ARXIV:1212.5958;%%},
	Title = {{Charged kaon femtoscopic correlations in $pp$ collisions at $\sqrt{s}=7$ TeV}},
	Volume = {D87},
	Year = {2013},
	Bdsk-Url-1 = {http://dx.doi.org/10.1103/PhysRevD.87.052016}}

@article{ALICE:2012xs,
	Archiveprefix = {arXiv},
	Author = {Abelev, Betty and others},
	Collaboration = {ALICE},
	Doi = {10.1103/PhysRevLett.110.032301},
	Eprint = {1210.3615},
	Journal = {Phys. Rev. Lett.},
	Number = {3},
	Pages = {032301},
	Primaryclass = {nucl-ex},
	Reportnumber = {CERN-PH-EP-2012-307},
	Slaccitation = {%%CITATION = ARXIV:1210.3615;%%},
	Title = {{Pseudorapidity density of charged particles in $p$ + Pb collisions at $\sqrt{s_{NN}}=5.02$ TeV}},
	Volume = {110},
	Year = {2013},
	Bdsk-Url-1 = {http://dx.doi.org/10.1103/PhysRevLett.110.032301}}

@article{Abelev:2012hy,
	Archiveprefix = {arXiv},
	Author = {Abelev, Betty and others},
	Collaboration = {ALICE},
	Doi = {10.1140/epjc/s10052-012-2183-y},
	Eprint = {1208.5717},
	Journal = {Eur. Phys. J.},
	Pages = {2183},
	Primaryclass = {hep-ex},
	Slaccitation = {%%CITATION = ARXIV:1208.5717;%%},
	Title = {{Production of $K^*(892)^0$ and $\phi(1020)$ in $pp$ collisions at $\sqrt{s}=7$ TeV}},
	Volume = {C72},
	Year = {2012},
	Bdsk-Url-1 = {http://dx.doi.org/10.1140/epjc/s10052-012-2183-y}}

@article{Abelev:2012sea,
	Archiveprefix = {arXiv},
	Author = {Abelev, Betty and others},
	Collaboration = {ALICE},
	Doi = {10.1140/epjc/s10052-013-2456-0},
	Eprint = {1208.4968},
	Journal = {Eur. Phys. J.},
	Number = {6},
	Pages = {2456},
	Primaryclass = {hep-ex},
	Reportnumber = {CERN-PH-EP-2012-138, CERN-PH-EP-2012-238},
	Slaccitation = {%%CITATION = ARXIV:1208.4968;%%},
	Title = {{Measurement of inelastic, single- and double-diffraction cross sections in proton--proton collisions at the LHC with ALICE}},
	Volume = {C73},
	Year = {2013},
	Bdsk-Url-1 = {http://dx.doi.org/10.1140/epjc/s10052-013-2456-0}}

@article{Abelev:2012wca,
	Archiveprefix = {arXiv},
	Author = {Abelev, Betty and others},
	Collaboration = {ALICE},
	Doi = {10.1103/PhysRevLett.109.252301},
	Eprint = {1208.1974},
	Journal = {Phys. Rev. Lett.},
	Pages = {252301},
	Primaryclass = {hep-ex},
	Reportnumber = {CERN-PH-EP-2012-230},
	Slaccitation = {%%CITATION = ARXIV:1208.1974;%%},
	Title = {{Pion, Kaon, and Proton Production in Central Pb--Pb Collisions at $\sqrt{s_{NN}} = 2.76$ TeV}},
	Volume = {109},
	Year = {2012},
	Bdsk-Url-1 = {http://dx.doi.org/10.1103/PhysRevLett.109.252301}}

@article{Abelev:2012tca,
	Archiveprefix = {arXiv},
	Author = {Abelev, Betty and others},
	Collaboration = {ALICE},
	Doi = {10.1016/j.physletb.2012.10.049},
	Eprint = {1208.1948},
	Journal = {Phys. Lett.},
	Pages = {279-294},
	Primaryclass = {hep-ex},
	Reportnumber = {CERN-PH-EP-2012-227},
	Slaccitation = {%%CITATION = ARXIV:1208.1948;%%},
	Title = {{$D_{s}^+$ meson production at central rapidity in proton--proton collisions at $\sqrt{s}=7$ TeV}},
	Volume = {B718},
	Year = {2012},
	Bdsk-Url-1 = {http://dx.doi.org/10.1016/j.physletb.2012.10.049}}

@article{Abelev:2012sca,
	Archiveprefix = {arXiv},
	Author = {Abelev, Betty and others},
	Collaboration = {ALICE},
	Doi = {10.1016/j.physletb.2013.01.069},
	Eprint = {1208.1902},
	Journal = {Phys. Lett.},
	Pages = {13-23},
	Primaryclass = {hep-ex},
	Slaccitation = {%%CITATION = ARXIV:1208.1902;%%},
	Title = {{Measurement of electrons from beauty hadron decays in $pp$ collisions at $\sqrt{s}=7$ TeV}},
	Volume = {B721},
	Year = {2013},
	Bdsk-Url-1 = {http://dx.doi.org/10.1016/j.physletb.2013.01.069}}

@article{Abelev:2012pv,
	Archiveprefix = {arXiv},
	Author = {Abelev, Betty and others},
	Collaboration = {ALICE},
	Doi = {10.1103/PhysRevLett.110.152301},
	Eprint = {1207.6068},
	Journal = {Phys. Rev. Lett.},
	Number = {15},
	Pages = {152301},
	Primaryclass = {nucl-ex},
	Slaccitation = {%%CITATION = ARXIV:1207.6068;%%},
	Title = {{Net-Charge Fluctuations in Pb-Pb collisions at $\sqrt{s}_{NN} = 2.76$ TeV}},
	Volume = {110},
	Year = {2013},
	Bdsk-Url-1 = {http://dx.doi.org/10.1103/PhysRevLett.110.152301}}

@article{Abelev:2012pa,
	Archiveprefix = {arXiv},
	Author = {Abelev, Betty and others},
	Collaboration = {ALICE},
	Doi = {10.1103/PhysRevLett.110.012301},
	Eprint = {1207.0900},
	Journal = {Phys. Rev. Lett.},
	Number = {1},
	Pages = {012301},
	Primaryclass = {nucl-ex},
	Reportnumber = {CERN-PH-EP-2012-183},
	Slaccitation = {%%CITATION = ARXIV:1207.0900;%%},
	Title = {{Charge separation relative to the reaction plane in Pb-Pb collisions at $\sqrt{s_{NN}}= 2.76$ TeV}},
	Volume = {110},
	Year = {2013},
	Bdsk-Url-1 = {http://dx.doi.org/10.1103/PhysRevLett.110.012301}}

@article{Abelev:2012ms,
	Archiveprefix = {arXiv},
	Author = {Abelev, Betty and others},
	Collaboration = {ALICE},
	Doi = {10.1016/j.physletb.2012.09.013},
	Eprint = {1206.2056},
	Journal = {Phys. Lett.},
	Pages = {151-161},
	Primaryclass = {hep-ex},
	Reportnumber = {CERN-PH-EP-2012-160},
	Slaccitation = {%%CITATION = ARXIV:1206.2056;%%},
	Title = {{$K^0_s-K^0_s$ correlations in $pp$ collisions at $\sqrt{s}=7$ TeV from the LHC ALICE experiment}},
	Volume = {B717},
	Year = {2012},
	Bdsk-Url-1 = {http://dx.doi.org/10.1016/j.physletb.2012.09.013}}

@article{Abelev:2012qh,
	Archiveprefix = {arXiv},
	Author = {Abelev, Betty and others},
	Collaboration = {ALICE},
	Doi = {10.1103/PhysRevLett.109.112301},
	Eprint = {1205.6443},
	Journal = {Phys. Rev. Lett.},
	Pages = {112301},
	Primaryclass = {hep-ex},
	Reportnumber = {CERN-PH-EP-2012-155},
	Slaccitation = {%%CITATION = ARXIV:1205.6443;%%},
	Title = {{Production of muons from heavy flavour decays at forward rapidity in pp and Pb-Pb collisions at $\sqrt {s_{NN}}$ = 2.76 TeV}},
	Volume = {109},
	Year = {2012},
	Bdsk-Url-1 = {http://dx.doi.org/10.1103/PhysRevLett.109.112301}}

@article{Abelev:2012gx,
	Archiveprefix = {arXiv},
	Author = {Abelev, Betty and others},
	Collaboration = {ALICE},
	Doi = {10.1007/JHEP11(2012)065},
	Eprint = {1205.5880},
	Journal = {JHEP},
	Pages = {065},
	Primaryclass = {hep-ex},
	Reportnumber = {CERN-PH-EP-2012-132},
	Slaccitation = {%%CITATION = ARXIV:1205.5880;%%},
	Title = {{Measurement of prompt $J/\psi$ and beauty hadron production cross sections at mid-rapidity in $pp$ collisions at $\sqrt{s} = 7$ TeV}},
	Volume = {11},
	Year = {2012},
	Bdsk-Url-1 = {http://dx.doi.org/10.1007/JHEP11(2012)065}}

@article{Abelev:2012di,
	Archiveprefix = {arXiv},
	Author = {Abelev, Betty and others},
	Collaboration = {ALICE},
	Doi = {10.1016/j.physletb.2012.12.066},
	Eprint = {1205.5761},
	Journal = {Phys. Lett.},
	Pages = {18-28},
	Primaryclass = {nucl-ex},
	Reportnumber = {CERN-PH-EP-2012-142},
	Slaccitation = {%%CITATION = ARXIV:1205.5761;%%},
	Title = {{Anisotropic flow of charged hadrons, pions and (anti-)protons measured at high transverse momentum in Pb-Pb collisions at $\sqrt{s_{NN}}$=2.76 TeV}},
	Volume = {B719},
	Year = {2013},
	Bdsk-Url-1 = {http://dx.doi.org/10.1016/j.physletb.2012.12.066}}

@article{Abelev:2012cn,
	Archiveprefix = {arXiv},
	Author = {Abelev, B. and others},
	Collaboration = {ALICE},
	Doi = {10.1016/j.physletb.2012.09.015},
	Eprint = {1205.5724},
	Journal = {Phys. Lett.},
	Pages = {162-172},
	Primaryclass = {hep-ex},
	Reportnumber = {CERN-PH-EP-2012-001},
	Slaccitation = {%%CITATION = ARXIV:1205.5724;%%},
	Title = {{Neutral pion and $\eta$ meson production in proton-proton collisions at $\sqrt{s}=0.9$ TeV and $\sqrt{s}=7$ TeV}},
	Volume = {B717},
	Year = {2012},
	Bdsk-Url-1 = {http://dx.doi.org/10.1016/j.physletb.2012.09.015}}

@article{Abelev:2012xe,
	Archiveprefix = {arXiv},
	Author = {Abelev, Betty and others},
	Collaboration = {ALICE},
	Doi = {10.1103/PhysRevD.86.112007},
	Eprint = {1205.5423},
	Journal = {Phys. Rev.},
	Pages = {112007},
	Primaryclass = {hep-ex},
	Reportnumber = {CERN-PH-EP-2012-131},
	Slaccitation = {%%CITATION = ARXIV:1205.5423;%%},
	Title = {{Measurement of electrons from semileptonic heavy-flavour hadron decays in pp collisions at \sqrt{s} = 7 TeV}},
	Volume = {D86},
	Year = {2012},
	Bdsk-Url-1 = {http://dx.doi.org/10.1103/PhysRevD.86.112007}}

@article{Abelev:2012vra,
	Archiveprefix = {arXiv},
	Author = {Abelev, Betty and others},
	Collaboration = {ALICE},
	Doi = {10.1007/JHEP07(2012)191},
	Eprint = {1205.4007},
	Journal = {JHEP},
	Pages = {191},
	Primaryclass = {hep-ex},
	Slaccitation = {%%CITATION = ARXIV:1205.4007;%%},
	Title = {{Measurement of charm production at central rapidity in proton-proton collisions at $\sqrt{s}=2.76$ TeV}},
	Volume = {07},
	Year = {2012},
	Bdsk-Url-1 = {http://dx.doi.org/10.1007/JHEP07(2012)191}}

@article{Abelev:2012sk,
	Archiveprefix = {arXiv},
	Author = {Abelev, Betty and others},
	Collaboration = {ALICE},
	Doi = {10.1140/epjc/s10052-012-2124-9},
	Eprint = {1205.3963},
	Journal = {Eur. Phys. J.},
	Pages = {2124},
	Primaryclass = {hep-ex},
	Reportnumber = {CERN-PH-EP-2012-136},
	Slaccitation = {%%CITATION = ARXIV:1205.3963;%%},
	Title = {{Transverse sphericity of primary charged particles in minimum bias proton-proton collisions at $\sqrt{s}=0.9$, 2.76 and 7 TeV}},
	Volume = {C72},
	Year = {2012},
	Bdsk-Url-1 = {http://dx.doi.org/10.1140/epjc/s10052-012-2124-9}}

@article{Abelev:2012jp,
	Archiveprefix = {arXiv},
	Author = {Abelev, Betty and others},
	Collaboration = {ALICE},
	Doi = {10.1016/j.physletb.2012.05.011},
	Eprint = {1204.0282},
	Journal = {Phys. Lett.},
	Pages = {309-318},
	Primaryclass = {nucl-ex},
	Slaccitation = {%%CITATION = ARXIV:1204.0282;%%},
	Title = {{Multi-strange baryon production in $pp$ collisions at $\sqrt{s} = 7$ TeV with {ALICE}}},
	Volume = {B712},
	Year = {2012},
	Bdsk-Url-1 = {http://dx.doi.org/10.1016/j.physletb.2012.05.011}}

@article{Abelev:2012kr,
	Archiveprefix = {arXiv},
	Author = {Abelev, B. and others},
	Collaboration = {ALICE},
	Doi = {10.1016/j.physletb.2012.10.078, 10.1016/j.physletb.2015.06.058},
	Eprint = {1203.3641},
	Journal = {Phys. Lett.},
	Pages = {295-306},
	Primaryclass = {hep-ex},
	Reportnumber = {CERN-PH-EP-2012-055},
	Slaccitation = {%%CITATION = ARXIV:1203.3641;%%},
	Title = {{Inclusive $J/\psi$ production in $pp$ collisions at $\sqrt{s} = 2.76$ TeV}},
	Volume = {B718},
	Year = {2012},
	Bdsk-Url-1 = {http://dx.doi.org/10.1016/j.physletb.2012.10.078,%2010.1016/j.physletb.2015.06.058}}

@article{ALICE:2012aa,
	Archiveprefix = {arXiv},
	Author = {Abelev, Betty and others},
	Collaboration = {ALICE},
	Doi = {10.1103/PhysRevLett.109.252302},
	Eprint = {1203.2436},
	Journal = {Phys. Rev. Lett.},
	Pages = {252302},
	Primaryclass = {nucl-ex},
	Slaccitation = {%%CITATION = ARXIV:1203.2436;%%},
	Title = {{Measurement of the Cross Section for Electromagnetic Dissociation with Neutron Emission in Pb-Pb Collisions at $\sqrt{s_{NN}}$ = 2.76 TeV}},
	Volume = {109},
	Year = {2012},
	Bdsk-Url-1 = {http://dx.doi.org/10.1103/PhysRevLett.109.252302}}

@article{ALICE:2012ab,
	Archiveprefix = {arXiv},
	Author = {Abelev, Betty and others},
	Collaboration = {ALICE},
	Doi = {10.1007/JHEP09(2012)112},
	Eprint = {1203.2160},
	Journal = {JHEP},
	Pages = {112},
	Primaryclass = {nucl-ex},
	Reportnumber = {CERN-PH-EP-2012-069},
	Slaccitation = {%%CITATION = ARXIV:1203.2160;%%},
	Title = {{Suppression of high transverse momentum D mesons in central Pb-Pb collisions at $\sqrt{s_{NN}}=2.76$ TeV}},
	Volume = {09},
	Year = {2012},
	Bdsk-Url-1 = {http://dx.doi.org/10.1007/JHEP09(2012)112}}

@article{Abelev:2012rz,
	Archiveprefix = {arXiv},
	Author = {Abelev, B. and others},
	Collaboration = {ALICE},
	Doi = {10.1016/j.physletb.2012.04.052},
	Eprint = {1202.2816},
	Journal = {Phys. Lett.},
	Pages = {165-175},
	Primaryclass = {hep-ex},
	Slaccitation = {%%CITATION = ARXIV:1202.2816;%%},
	Title = {{$J/\psi$ Production as a Function of Charged Particle Multiplicity in $pp$ Collisions at $\sqrt{s} = 7$ TeV}},
	Volume = {B712},
	Year = {2012},
	Bdsk-Url-1 = {http://dx.doi.org/10.1016/j.physletb.2012.04.052}}

@article{Abelev:2012rv,
	Archiveprefix = {arXiv},
	Author = {Abelev, Betty and others},
	Collaboration = {ALICE},
	Doi = {10.1103/PhysRevLett.109.072301},
	Eprint = {1202.1383},
	Journal = {Phys. Rev. Lett.},
	Pages = {072301},
	Primaryclass = {hep-ex},
	Reportnumber = {CERN-PH-EP-2012-012},
	Slaccitation = {%%CITATION = ARXIV:1202.1383;%%},
	Title = {{$J/\psi$ suppression at forward rapidity in Pb-Pb collisions at $\sqrt{s_{NN}}=2.76$ TeV}},
	Volume = {109},
	Year = {2012},
	Bdsk-Url-1 = {http://dx.doi.org/10.1103/PhysRevLett.109.072301}}

@article{Abelev:2012pi,
	Archiveprefix = {arXiv},
	Author = {Abelev, Betty and others},
	Collaboration = {ALICE},
	Doi = {10.1016/j.physletb.2012.01.063},
	Eprint = {1201.3791},
	Journal = {Phys. Lett.},
	Pages = {265-275},
	Primaryclass = {hep-ex},
	Reportnumber = {CERN-PH-EP-2011-215},
	Slaccitation = {%%CITATION = ARXIV:1201.3791;%%},
	Title = {{Heavy flavour decay muon production at forward rapidity in proton--proton collisions at $\sqrt{s} = 7$ TeV}},
	Volume = {B708},
	Year = {2012},
	Bdsk-Url-1 = {http://dx.doi.org/10.1016/j.physletb.2012.01.063}}

@article{ALICE:2011ad,
	Archiveprefix = {arXiv},
	Author = {Abelev, B. and others},
	Collaboration = {ALICE},
	Doi = {10.1016/j.physletb.2012.03.038},
	Eprint = {1112.2222},
	Journal = {Phys. Lett.},
	Pages = {557-568},
	Primaryclass = {nucl-ex},
	Reportnumber = {CERN-PH-EP-2011-196},
	Slaccitation = {%%CITATION = ARXIV:1112.2222;%%},
	Title = {{Light vector meson production in $pp$ collisions at $\sqrt{s}=7$ TeV}},
	Volume = {B710},
	Year = {2012},
	Bdsk-Url-1 = {http://dx.doi.org/10.1016/j.physletb.2012.03.038}}

@article{Aamodt:2011by,
	Archiveprefix = {arXiv},
	Author = {Aamodt, K. and others},
	Collaboration = {ALICE},
	Doi = {10.1016/j.physletb.2012.01.060},
	Eprint = {1109.2501},
	Journal = {Phys. Lett.},
	Pages = {249-264},
	Primaryclass = {nucl-ex},
	Slaccitation = {%%CITATION = ARXIV:1109.2501;%%},
	Title = {{Harmonic decomposition of two-particle angular correlations in Pb-Pb collisions at $\sqrt{s_{NN}}=2.76$ TeV}},
	Volume = {B708},
	Year = {2012},
	Bdsk-Url-1 = {http://dx.doi.org/10.1016/j.physletb.2012.01.060}}

@article{Adam:2015pna,
	Archiveprefix = {arXiv},
	Author = {Adam, Jaroslav and others},
	Collaboration = {ALICE},
	Doi = {10.1038/nphys3432},
	Eprint = {1508.03986},
	Journal = {Nature Phys.},
	Primaryclass = {nucl-ex},
	Reportnumber = {CERN-PH-EP-2015-035, ALICE-PUBLIC-2015-002},
	Slaccitation = {%%CITATION = ARXIV:1508.03986;%%},
	Title = {{Precision measurement of the mass difference between light nuclei and anti-nuclei}},
	Year = {2015},
	Bdsk-Url-1 = {http://dx.doi.org/10.1038/nphys3432}}

@article{Adam:2015rba,
	Archiveprefix = {arXiv},
	Author = {Adam, Jaroslav and others},
	Collaboration = {ALICE},
	Doi = {10.1007/JHEP07(2015)051},
	Eprint = {1504.07151},
	Journal = {JHEP},
	Pages = {051},
	Primaryclass = {nucl-ex},
	Reportnumber = {CERN-PH-EP-2015-092},
	Slaccitation = {%%CITATION = ARXIV:1504.07151;%%},
	Title = {{Inclusive, prompt and non-prompt J/$\psi$ production at mid-rapidity in Pb-Pb collisions at $\sqrt{s_{\rm NN}}$ = 2.76 TeV}},
	Volume = {07},
	Year = {2015},
	Bdsk-Url-1 = {http://dx.doi.org/10.1007/JHEP07(2015)051}}

@article{Adam:2015qaa,
	Archiveprefix = {arXiv},
	Author = {Adam, Jaroslav and others},
	Collaboration = {ALICE},
	Doi = {10.1140/epjc/s10052-015-3422-9},
	Eprint = {1504.00024},
	Journal = {Eur. Phys. J.},
	Number = {5},
	Pages = {226},
	Primaryclass = {nucl-ex},
	Reportnumber = {CERN-PH-EP-2015-068},
	Slaccitation = {%%CITATION = ARXIV:1504.00024;%%},
	Title = {{Measurement of pion, kaon and proton production in proton--proton collisions at $\sqrt{s} = 7$ TeV}},
	Volume = {C75},
	Year = {2015},
	Bdsk-Url-1 = {http://dx.doi.org/10.1140/epjc/s10052-015-3422-9}}

@article{Adam:2015iga,
	Archiveprefix = {arXiv},
	Author = {Adam, Jaroslav and others},
	Collaboration = {ALICE},
	Doi = {10.1007/JHEP06(2015)055},
	Eprint = {1503.07179},
	Journal = {JHEP},
	Pages = {055},
	Primaryclass = {nucl-ex},
	Reportnumber = {CERN-PH-EP-2015-030},
	Slaccitation = {%%CITATION = ARXIV:1503.07179;%%},
	Title = {{Rapidity and transverse-momentum dependence of the inclusive J/$\psi$ nuclear modification factor in p-Pb collisions at $ \sqrt{s_{N\ N}} =$ 5.02 TeV}},
	Volume = {06},
	Year = {2015},
	Bdsk-Url-1 = {http://dx.doi.org/10.1007/JHEP06(2015)055}}

@article{Adam:2015xea,
	Archiveprefix = {arXiv},
	Author = {Adam, Jaroslav and others},
	Collaboration = {ALICE},
	Doi = {10.1016/j.physletb.2015.05.033},
	Eprint = {1503.03050},
	Journal = {Phys. Lett.},
	Pages = {385-395},
	Primaryclass = {nucl-ex},
	Reportnumber = {CERN-PH-EP-2015-041},
	Slaccitation = {%%CITATION = ARXIV:1503.03050;%%},
	Title = {{Measurement of dijet $k_T$ in p--Pb collisions at $\sqrt{s}_{NN}$=5.02 TeV}},
	Volume = {B746},
	Year = {2015},
	Bdsk-Url-1 = {http://dx.doi.org/10.1016/j.physletb.2015.05.033}}

@article{Adam:2015hoa,
	Archiveprefix = {arXiv},
	Author = {Adam, Jaroslav and others},
	Collaboration = {ALICE},
	Doi = {10.1016/j.physletb.2015.07.054},
	Eprint = {1503.00681},
	Journal = {Phys. Lett.},
	Pages = {68-81},
	Primaryclass = {nucl-ex},
	Reportnumber = {CERN-PH-EP-2015-040},
	Slaccitation = {%%CITATION = ARXIV:1503.00681;%%},
	Title = {{Measurement of charged jet production cross sections and nuclear modification in p-Pb collisions at $\sqrt{s_\rm{NN}} = 5.02$ TeV}},
	Volume = {B749},
	Year = {2015},
	Bdsk-Url-1 = {http://dx.doi.org/10.1016/j.physletb.2015.07.054}}

@article{Adam:2015ewa,
	Archiveprefix = {arXiv},
	Author = {Adam, Jaroslav and others},
	Collaboration = {ALICE},
	Doi = {10.1016/j.physletb.2015.04.039},
	Eprint = {1502.01689},
	Journal = {Phys. Lett.},
	Pages = {1-14},
	Primaryclass = {nucl-ex},
	Reportnumber = {CERN-PH-EP-2015-023},
	Slaccitation = {%%CITATION = ARXIV:1502.01689;%%},
	Title = {{Measurement of jet suppression in central Pb-Pb collisions at $\sqrt{s_{\rm NN}}$ = 2.76 TeV}},
	Volume = {B746},
	Year = {2015},
	Bdsk-Url-1 = {http://dx.doi.org/10.1016/j.physletb.2015.04.039}}

@article{Adam:2015pya,
	Archiveprefix = {arXiv},
	Author = {Adam, J. and others},
	Collaboration = {ALICE},
	Doi = {10.1103/PhysRevC.91.034906},
	Eprint = {1502.00559},
	Journal = {Phys. Rev.},
	Pages = {034906},
	Primaryclass = {nucl-ex},
	Reportnumber = {CERN-PH-EP-2015-019},
	Slaccitation = {%%CITATION = ARXIV:1502.00559;%%},
	Title = {{Two-pion femtoscopy in p-Pb collisions at $\sqrt{s_{\rm NN}}=5.02$ TeV}},
	Volume = {C91},
	Year = {2015},
	Bdsk-Url-1 = {http://dx.doi.org/10.1103/PhysRevC.91.034906}}

@article{Adam:2015mya,
	Archiveprefix = {arXiv},
	Author = {Adam, Jaroslav and others},
	Collaboration = {ALICE},
	Doi = {10.1007/JHEP05(2015)097},
	Eprint = {1502.00230},
	Journal = {JHEP},
	Pages = {097},
	Primaryclass = {nucl-ex},
	Reportnumber = {CERN-PH-EP-2015-012},
	Slaccitation = {%%CITATION = ARXIV:1502.00230;%%},
	Title = {{Forward-backward multiplicity correlations in pp collisions at $ \sqrt{s} $ = 0.9, 2.76 and 7 TeV}},
	Volume = {05},
	Year = {2015},
	Bdsk-Url-1 = {http://dx.doi.org/10.1007/JHEP05(2015)097}}

@article{Adam:2014qja,
	Archiveprefix = {arXiv},
	Author = {Adam, Jaroslav and others},
	Collaboration = {ALICE},
	Doi = {10.1103/PhysRevC.91.064905},
	Eprint = {1412.6828},
	Journal = {Phys. Rev.},
	Number = {6},
	Pages = {064905},
	Primaryclass = {nucl-ex},
	Reportnumber = {CERN-PH-EP-2014-281},
	Slaccitation = {%%CITATION = ARXIV:1412.6828;%%},
	Title = {{Centrality dependence of particle production in p-Pb collisions at $\sqrt{s_{\rm NN} }$= 5.02 TeV}},
	Volume = {C91},
	Year = {2015},
	Bdsk-Url-1 = {http://dx.doi.org/10.1103/PhysRevC.91.064905}}

@article{ALICE:2014rma,
	Archiveprefix = {arXiv},
	Author = {Abelev, Betty Bezverkhny and others},
	Collaboration = {ALICE},
	Doi = {10.1140/epjc/s10052-015-3356-2},
	Eprint = {1411.4981},
	Journal = {Eur. Phys. J.},
	Number = {4},
	Pages = {146},
	Primaryclass = {nucl-ex},
	Reportnumber = {CERN-PH-EP-2014-280},
	Slaccitation = {%%CITATION = ARXIV:1411.4981;%%},
	Title = {{Inclusive photon production at forward rapidities in proton-proton collisions at $\sqrt{s}$ = 0.9, 2.76 and 7 TeV}},
	Volume = {C75},
	Year = {2015},
	Bdsk-Url-1 = {http://dx.doi.org/10.1140/epjc/s10052-015-3356-2}}

@article{ALICE:2014dla,
	Archiveprefix = {arXiv},
	Author = {Abelev, Betty Bezverkhny and others},
	Collaboration = {ALICE},
	Doi = {10.1103/PhysRevD.91.112012},
	Eprint = {1411.4969},
	Journal = {Phys. Rev.},
	Number = {11},
	Pages = {112012},
	Primaryclass = {nucl-ex},
	Reportnumber = {CERN-PH-EP-2014-254},
	Slaccitation = {%%CITATION = ARXIV:1411.4969;%%},
	Title = {{Charged jet cross sections and properties in proton-proton collisions at $\sqrt{s}$ = 7 TeV}},
	Volume = {D91},
	Year = {2015},
	Bdsk-Url-1 = {http://dx.doi.org/10.1103/PhysRevD.91.112012}}

@article{Abelev:2014oea,
	Archiveprefix = {arXiv},
	Author = {Abelev, Betty Bezverkhny and others},
	Collaboration = {ALICE},
	Doi = {10.1016/j.physletb.2014.11.041},
	Eprint = {1410.2234},
	Journal = {Phys. Lett.},
	Pages = {105-117},
	Primaryclass = {nucl-ex},
	Reportnumber = {CERN-PH-EP-2014-196, ALICE-PUBLIC-2014-002},
	Slaccitation = {%%CITATION = ARXIV:1410.2234;%%},
	Title = {{Production of inclusive $\Upsilon$(1S) and $\Upsilon$(2S) in p-Pb collisions at $\mathbf{\sqrt{s_{{\rm NN}}} = 5.02}$ TeV}},
	Volume = {B740},
	Year = {2015},
	Bdsk-Url-1 = {http://dx.doi.org/10.1016/j.physletb.2014.11.041}}

@article{Adare:2014wht,
	Archiveprefix = {arXiv},
	Author = {Adare, A. and others},
	Collaboration = {PHENIX},
	Doi = {10.1103/PhysRevD.91.032001},
	Eprint = {1409.1907},
	Journal = {Phys. Rev.},
	Number = {3},
	Pages = {032001},
	Primaryclass = {hep-ex},
	Slaccitation = {%%CITATION = ARXIV:1409.1907;%%},
	Title = {{Charged-pion cross sections and double-helicity asymmetries in polarized p+p collisions at $\sqrt{s}$=200  GeV}},
	Volume = {D91},
	Year = {2015},
	Bdsk-Url-1 = {http://dx.doi.org/10.1103/PhysRevD.91.032001}}

@article{Adare:2014mgk,
	Archiveprefix = {arXiv},
	Author = {Adare, A. and others},
	Collaboration = {PHENIX},
	Doi = {10.1103/PhysRevC.91.031901},
	Eprint = {1409.0851},
	Journal = {Phys. Rev.},
	Number = {3},
	Pages = {031901},
	Primaryclass = {nucl-ex},
	Slaccitation = {%%CITATION = ARXIV:1409.0851;%%},
	Title = {{Search for dark photons from neutral meson decays in $p + p$ and $d$ + Au collisions at $\sqrt{s_{NN}} =$ 200 GeV}},
	Volume = {C91},
	Year = {2015},
	Bdsk-Url-1 = {http://dx.doi.org/10.1103/PhysRevC.91.031901}}

@article{Abelev:2014ckr,
	Archiveprefix = {arXiv},
	Author = {Abelev, Betty Bezverkhny and others},
	Collaboration = {ALICE},
	Doi = {10.1140/epjc/s10052-014-3077-y},
	Eprint = {1407.5530},
	Journal = {Eur. Phys. J.},
	Number = {10},
	Pages = {3077},
	Primaryclass = {nucl-ex},
	Reportnumber = {CERN-PH-EP-2014-169},
	Slaccitation = {%%CITATION = ARXIV:1407.5530;%%},
	Title = {{Event-by-event mean ${p}_{\mathbf {T}}$ fluctuations in pp and Pb-Pb collisions at the LHC}},
	Volume = {C74},
	Year = {2014},
	Bdsk-Url-1 = {http://dx.doi.org/10.1140/epjc/s10052-014-3077-y}}

@article{Abelevetal:2014dna,
	Author = {Abelev, B and others},
	Collaboration = {ALICE},
	Doi = {10.1088/0954-3899/41/8/087002},
	Journal = {J. Phys.},
	Pages = {087002},
	Reportnumber = {CERN-LHCC-2013-024, ALICE-TDR-017},
	Slaccitation = {%%CITATION = JPAGA,G41,087002;%%},
	Title = {{Technical Design Report for the Upgrade of the ALICE Inner Tracking System}},
	Volume = {G41},
	Year = {2014},
	Bdsk-Url-1 = {http://dx.doi.org/10.1088/0954-3899/41/8/087002}}

@article{Abelevetal:2014cna,
	Author = {Abelev, B and others},
	Collaboration = {ALICE},
	Doi = {10.1088/0954-3899/41/8/087001},
	Journal = {J. Phys.},
	Pages = {087001},
	Reportnumber = {CERN-LHCC-2012-012, CERN-LHCC-I-022, ALICE-UG-001},
	Slaccitation = {%%CITATION = JPAGA,G41,087001;%%},
	Title = {{Upgrade of the ALICE Experiment: Letter Of Intent}},
	Volume = {G41},
	Year = {2014},
	Bdsk-Url-1 = {http://dx.doi.org/10.1088/0954-3899/41/8/087001}}

@article{TheALICE:2014dwa,
	Archiveprefix = {arXiv},
	Author = {Abelev, Betty Bezverkhny and others},
	Collaboration = {ALICE},
	Doi = {10.1103/PhysRevLett.113.232504},
	Eprint = {1406.7819},
	Journal = {Phys. Rev. Lett.},
	Number = {23},
	Pages = {232504},
	Primaryclass = {nucl-ex},
	Reportnumber = {CERN-PH-EP-2014-149},
	Slaccitation = {%%CITATION = ARXIV:1406.7819;%%},
	Title = {{Exclusive $\mathrm{J/}\psi$ photoproduction off protons in ultra-peripheral p-Pb collisions at $\sqrt{s_{\rm NN}}=5.02$ TeV}},
	Volume = {113},
	Year = {2014},
	Bdsk-Url-1 = {http://dx.doi.org/10.1103/PhysRevLett.113.232504}}

@article{Abelev:2014mva,
	Archiveprefix = {arXiv},
	Author = {Abelev, Betty Bezverkhny and others},
	Collaboration = {ALICE},
	Doi = {10.1016/j.physletb.2014.11.028},
	Eprint = {1406.5463},
	Journal = {Phys. Lett.},
	Pages = {38-50},
	Primaryclass = {nucl-ex},
	Reportnumber = {CERN-PH-EP-2014-084},
	Slaccitation = {%%CITATION = ARXIV:1406.5463;%%},
	Title = {{Multiplicity dependence of jet-like two-particle correlations in p-Pb collisions at $\sqrt{s_{NN}}$ = 5.02 TeV}},
	Volume = {B741},
	Year = {2015},
	Bdsk-Url-1 = {http://dx.doi.org/10.1016/j.physletb.2014.11.028}}

@article{Adare:2014qzo,
	Archiveprefix = {arXiv},
	Author = {Adare, A. and others},
	Collaboration = {PHENIX},
	Doi = {10.1103/PhysRevD.90.072008},
	Eprint = {1406.3541},
	Journal = {Phys. Rev.},
	Number = {7},
	Pages = {072008},
	Primaryclass = {hep-ex},
	Slaccitation = {%%CITATION = ARXIV:1406.3541;%%},
	Title = {{Cross section and transverse single-spin asymmetry of $\eta$ mesons in $p^{\uparrow}+p$ collisions at $\sqrt{s}=200$ GeV at forward rapidity}},
	Volume = {D90},
	Year = {2014},
	Bdsk-Url-1 = {http://dx.doi.org/10.1103/PhysRevD.90.072008}}

@article{Abelev:2014qqa,
	Archiveprefix = {arXiv},
	Author = {Abelev, Betty Bezverkhny and others},
	Collaboration = {ALICE},
	Doi = {10.1140/epjc/s10052-014-3191-x},
	Eprint = {1406.3206},
	Journal = {Eur. Phys. J.},
	Number = {1},
	Pages = {1},
	Primaryclass = {nucl-ex},
	Reportnumber = {CERN-PH-EP-2014-128},
	Slaccitation = {%%CITATION = ARXIV:1406.3206;%%},
	Title = {{Production of $\Sigma(1385)^{\pm}$ and $\Xi(1530)^{0}$ in proton-proton collisions at $\sqrt{s}=$ 7 TeV}},
	Volume = {C75},
	Year = {2015},
	Bdsk-Url-1 = {http://dx.doi.org/10.1140/epjc/s10052-014-3191-x}}

@article{Abelev:2014mda,
	Archiveprefix = {arXiv},
	Author = {Abelev, Betty Bezverkhny and others},
	Collaboration = {ALICE},
	Doi = {10.1103/PhysRevC.90.054901},
	Eprint = {1406.2474},
	Journal = {Phys. Rev.},
	Number = {5},
	Pages = {054901},
	Primaryclass = {nucl-ex},
	Reportnumber = {CERN-PH-EP-2014-105},
	Slaccitation = {%%CITATION = ARXIV:1406.2474;%%},
	Title = {{Multiparticle azimuthal correlations in p -Pb and Pb-Pb collisions at the CERN Large Hadron Collider}},
	Volume = {C90},
	Year = {2014},
	Bdsk-Url-1 = {http://dx.doi.org/10.1103/PhysRevC.90.054901}}

@article{Abelev:2014pua,
	Archiveprefix = {arXiv},
	Author = {Abelev, Betty Bezverkhny and others},
	Collaboration = {ALICE},
	Doi = {10.1007/JHEP06(2015)190},
	Eprint = {1405.4632},
	Journal = {JHEP},
	Pages = {190},
	Primaryclass = {nucl-ex},
	Reportnumber = {CERN-PH-EP-2014-104},
	Slaccitation = {%%CITATION = ARXIV:1405.4632;%%},
	Title = {{Elliptic flow of identified hadrons in Pb-Pb collisions at $ \sqrt{s_{\mathrm{NN}}}=2.76 $ TeV}},
	Volume = {06},
	Year = {2015},
	Bdsk-Url-1 = {http://dx.doi.org/10.1007/JHEP06(2015)190}}

@article{Abelev:2014nua,
	Archiveprefix = {arXiv},
	Author = {Abelev, Betty Bezverkhny and others},
	Collaboration = {ALICE},
	Doi = {10.1016/j.physletb.2014.10.001},
	Eprint = {1405.4493},
	Journal = {Phys. Lett.},
	Pages = {361-372},
	Primaryclass = {nucl-ex},
	Reportnumber = {CERN-PH-EP-2014-103, ALICE-PUBLIC-2014-001},
	Slaccitation = {%%CITATION = ARXIV:1405.4493;%%},
	Title = {{Suppression of $\Upsilon (1S)$ at forward rapidity in Pb-Pb collisions at $\sqrt{s_{\rm NN}} = 2.76$ TeV}},
	Volume = {B738},
	Year = {2014},
	Bdsk-Url-1 = {http://dx.doi.org/10.1016/j.physletb.2014.10.001}}

@article{Abelev:2014hla,
	Archiveprefix = {arXiv},
	Author = {Abelev, Betty Bezverkhny and others},
	Collaboration = {ALICE},
	Doi = {10.1016/j.physletb.2014.09.026},
	Eprint = {1405.4144},
	Journal = {Phys. Lett.},
	Pages = {97-108},
	Primaryclass = {nucl-ex},
	Reportnumber = {CERN-PH-EP-2014-089},
	Slaccitation = {%%CITATION = ARXIV:1405.4144;%%},
	Title = {{Beauty production in pp collisions at $\sqrt{s}$ = 2.76 TeV measured via semi-electronic decays}},
	Volume = {B738},
	Year = {2014},
	Bdsk-Url-1 = {http://dx.doi.org/10.1016/j.physletb.2014.09.026}}

@article{Abelev:2014gla,
	Archiveprefix = {arXiv},
	Author = {Abelev, Betty Bezverkhny and others},
	Collaboration = {ALICE},
	Doi = {10.1103/PhysRevD.91.012001},
	Eprint = {1405.4117},
	Journal = {Phys. Rev.},
	Number = {1},
	Pages = {012001},
	Primaryclass = {nucl-ex},
	Reportnumber = {CERN-PH-EP-2014-097},
	Slaccitation = {%%CITATION = ARXIV:1405.4117;%%},
	Title = {{Measurement of electrons from semileptonic heavy-flavor hadron decays in $pp$ collisions at $\sqrt{s} = 2.76$ TeV}},
	Volume = {D91},
	Year = {2015},
	Bdsk-Url-1 = {http://dx.doi.org/10.1103/PhysRevD.91.012001}}

@article{Adare:2014mgt,
	Archiveprefix = {arXiv},
	Author = {Adare, A. and others},
	Collaboration = {PHENIX},
	Doi = {10.1103/PhysRevD.90.052002},
	Eprint = {1405.4260},
	Journal = {Phys. Rev.},
	Number = {5},
	Pages = {052002},
	Primaryclass = {hep-ex},
	Slaccitation = {%%CITATION = ARXIV:1405.4260;%%},
	Title = {{Low-mass vector-meson production at forward rapidity in $p$$+$$p$ collisions at $\sqrt{s}=200$ GeV}},
	Volume = {D90},
	Year = {2014},
	Bdsk-Url-1 = {http://dx.doi.org/10.1103/PhysRevD.90.052002}}

@article{Adare:2014iwg,
	Archiveprefix = {arXiv},
	Author = {Adare, A. and others},
	Collaboration = {PHENIX},
	Doi = {10.1103/PhysRevC.91.014907},
	Eprint = {1405.4004},
	Journal = {Phys. Rev.},
	Number = {1},
	Pages = {014907},
	Primaryclass = {nucl-ex},
	Slaccitation = {%%CITATION = ARXIV:1405.4004;%%},
	Title = {{Cross section for $b\bar{b}$ production via dielectrons in d$+$Au collisions at $\sqrt{s_{_{NN}}}=200$ GeV}},
	Volume = {C91},
	Year = {2015},
	Bdsk-Url-1 = {http://dx.doi.org/10.1103/PhysRevC.91.014907}}

@article{Adare:2014fwh,
	Archiveprefix = {arXiv},
	Author = {Adare, A. and others},
	Collaboration = {PHENIX},
	Doi = {10.1103/PhysRevC.91.064904},
	Eprint = {1405.3940},
	Journal = {Phys. Rev.},
	Number = {6},
	Pages = {064904},
	Primaryclass = {nucl-ex},
	Slaccitation = {%%CITATION = ARXIV:1405.3940;%%},
	Title = {{Centrality dependence of low-momentum direct-photon production in Au$+$Au collisions at $\sqrt{s_{_{NN}}}=200$ GeV}},
	Volume = {C91},
	Year = {2015},
	Bdsk-Url-1 = {http://dx.doi.org/10.1103/PhysRevC.91.064904}}

@article{Abelev:2014zpa,
	Archiveprefix = {arXiv},
	Author = {Abelev, Betty Bezverkhny and others},
	Collaboration = {ALICE},
	Doi = {10.1007/JHEP12(2014)073},
	Eprint = {1405.3796},
	Journal = {JHEP},
	Pages = {073},
	Primaryclass = {nucl-ex},
	Reportnumber = {CERN-PH-EP-2014-092},
	Slaccitation = {%%CITATION = ARXIV:1405.3796;%%},
	Title = {{Suppression of $\psi$(2S) production in p-Pb collisions at $\sqrt{s_{NN}}$ = 5.02 TeV}},
	Volume = {12},
	Year = {2014},
	Bdsk-Url-1 = {http://dx.doi.org/10.1007/JHEP12(2014)073}}

@article{Abelev:2014ypa,
	Archiveprefix = {arXiv},
	Author = {Abelev, Betty Bezverkhny and others},
	Collaboration = {ALICE},
	Doi = {10.1140/epjc/s10052-014-3108-8},
	Eprint = {1405.3794},
	Journal = {Eur. Phys. J.},
	Number = {10},
	Pages = {3108},
	Primaryclass = {nucl-ex},
	Reportnumber = {CERN-PH-EP-2014-091},
	Slaccitation = {%%CITATION = ARXIV:1405.3794;%%},
	Title = {{Neutral pion production at midrapidity in pp and Pb-Pb collisions at $\sqrt{s_{{\mathrm {NN}}}}= 2.76\,{\mathrm {TeV}}$}},
	Volume = {C74},
	Year = {2014},
	Bdsk-Url-1 = {http://dx.doi.org/10.1140/epjc/s10052-014-3108-8}}

@article{Adare:2014eyu,
	Archiveprefix = {arXiv},
	Author = {Adare, A. and others},
	Collaboration = {PHENIX},
	Doi = {10.1103/PhysRevC.90.054905},
	Eprint = {1405.3628},
	Journal = {Phys. Rev.},
	Number = {5},
	Pages = {054905},
	Primaryclass = {nucl-ex},
	Slaccitation = {%%CITATION = ARXIV:1405.3628;%%},
	Title = {{Measurement of $K_S^0$ and $K^{*0}$ in $p+p$, $d+Au$, and $Cu+Cu$ collisions at $\sqrt{s_{_{NN}}}=200$ GeV}},
	Volume = {C90},
	Year = {2014},
	Bdsk-Url-1 = {http://dx.doi.org/10.1103/PhysRevC.90.054905}}

@article{Abelev:2014hha,
	Archiveprefix = {arXiv},
	Author = {Abelev, Betty Bezverkhny and others},
	Collaboration = {ALICE},
	Doi = {10.1103/PhysRevLett.113.232301},
	Eprint = {1405.3452},
	Journal = {Phys. Rev. Lett.},
	Number = {23},
	Pages = {232301},
	Primaryclass = {nucl-ex},
	Reportnumber = {CERN-PH-EP-2014-090, CERN-PH-EP-2014-90, ALICE-PUBLIC-2015-001},
	Slaccitation = {%%CITATION = ARXIV:1405.3452;%%},
	Title = {{Measurement of prompt $D$-meson production in $p-Pb$ collisions at $\sqrt{s_{NN}}$ = 5.02 TeV}},
	Volume = {113},
	Year = {2014},
	Bdsk-Url-1 = {http://dx.doi.org/10.1103/PhysRevLett.113.232301}}

@article{Adare:2014rly,
	Archiveprefix = {arXiv},
	Author = {Adare, A. and others},
	Collaboration = {PHENIX},
	Doi = {10.1103/PhysRevC.91.044907},
	Eprint = {1405.3301},
	Journal = {Phys. Rev.},
	Number = {4},
	Pages = {044907},
	Primaryclass = {nucl-ex},
	Slaccitation = {%%CITATION = ARXIV:1405.3301;%%},
	Title = {{Heavy-quark production and elliptic flow in Au$+$Au collisions at $\sqrt{s_{_{NN}}}=62.4$ GeV}},
	Volume = {C91},
	Year = {2015},
	Bdsk-Url-1 = {http://dx.doi.org/10.1103/PhysRevC.91.044907}}

@article{Abelev:2014dsa,
	Archiveprefix = {arXiv},
	Author = {Abelev, Betty Bezverkhny and others},
	Collaboration = {ALICE},
	Doi = {10.1140/epjc/s10052-014-3054-5},
	Eprint = {1405.2737},
	Journal = {Eur. Phys. J.},
	Number = {9},
	Pages = {3054},
	Primaryclass = {nucl-ex},
	Reportnumber = {CERN-PH-EP-2014-088},
	Slaccitation = {%%CITATION = ARXIV:1405.2737;%%},
	Title = {{Transverse momentum dependence of inclusive primary charged-particle production in p-Pb collisions at $\sqrt{s_\mathrm{{NN}}}=5.02~\text {TeV}$}},
	Volume = {C74},
	Year = {2014},
	Bdsk-Url-1 = {http://dx.doi.org/10.1140/epjc/s10052-014-3054-5}}

@article{Abelev:2014ipa,
	Archiveprefix = {arXiv},
	Author = {Abelev, Betty Bezverkhny and others},
	Collaboration = {ALICE},
	Doi = {10.1103/PhysRevC.90.034904},
	Eprint = {1405.2001},
	Journal = {Phys. Rev.},
	Number = {3},
	Pages = {034904},
	Primaryclass = {nucl-ex},
	Reportnumber = {CERN-PH-EP-2014-083},
	Slaccitation = {%%CITATION = ARXIV:1405.2001;%%},
	Title = {{Azimuthal anisotropy of D meson production in Pb-Pb collisions at $\sqrt{s_{\rm NN}} = 2.76$ TeV}},
	Volume = {C90},
	Year = {2014},
	Bdsk-Url-1 = {http://dx.doi.org/10.1103/PhysRevC.90.034904}}

@article{Abelev:2014epa,
	Archiveprefix = {arXiv},
	Author = {Abelev, Betty Bezverkhny and others},
	Collaboration = {ALICE},
	Doi = {10.1088/1748-0221/9/11/P11003},
	Eprint = {1405.1849},
	Journal = {JINST},
	Number = {11},
	Pages = {P11003},
	Primaryclass = {nucl-ex},
	Reportnumber = {CERN-PH-EP-2014-087},
	Slaccitation = {%%CITATION = ARXIV:1405.1849;%%},
	Title = {{Measurement of visible cross sections in proton-lead collisions at $\sqrt{s_{\rm NN}}$ = 5.02 TeV in van der Meer scans with the ALICE detector}},
	Volume = {9},
	Year = {2014},
	Bdsk-Url-1 = {http://dx.doi.org/10.1088/1748-0221/9/11/P11003}}

@article{Adare:2014keg,
	Archiveprefix = {arXiv},
	Author = {Adare, A. and others},
	Collaboration = {PHENIX},
	Doi = {10.1103/PhysRevLett.114.192301},
	Eprint = {1404.7461},
	Journal = {Phys. Rev. Lett.},
	Number = {19},
	Pages = {192301},
	Primaryclass = {nucl-ex},
	Slaccitation = {%%CITATION = ARXIV:1404.7461;%%},
	Title = {{Measurement of long-range angular correlation and quadrupole anisotropy of pions and (anti)protons in central $d$$+$Au collisions at $\sqrt{s_{_{NN}}}$=200 GeV}},
	Volume = {114},
	Year = {2015},
	Bdsk-Url-1 = {http://dx.doi.org/10.1103/PhysRevLett.114.192301}}

@article{Adare:2014vri,
	Archiveprefix = {arXiv},
	Author = {Ajitanand, N. N. and others},
	Booktitle = {{Proceedings, 24th International Conference on Ultra-Relativistic Nucleus-Nucleus Collisions (Quark Matter 2014)}},
	Collaboration = {PHENIX},
	Doi = {10.1016/j.nuclphysa.2014.08.054},
	Eprint = {1404.5291},
	Journal = {Nucl. Phys.},
	Pages = {1082-1087},
	Primaryclass = {nucl-ex},
	Slaccitation = {%%CITATION = ARXIV:1404.5291;%%},
	Title = {{Comparison of the space-time extent of the emission source in $d$$+$Au and Au$+$Au collisions at $\sqrt{s_{{NN}}}=200$ GeV}},
	Volume = {A931},
	Year = {2014},
	Bdsk-Url-1 = {http://dx.doi.org/10.1016/j.nuclphysa.2014.08.054}}

@article{Adare:2014hje,
	Archiveprefix = {arXiv},
	Author = {Adare, A. and others},
	Collaboration = {PHENIX},
	Doi = {10.1103/PhysRevC.91.024913},
	Eprint = {1404.2246},
	Journal = {Phys. Rev.},
	Number = {2},
	Pages = {024913},
	Primaryclass = {nucl-ex},
	Slaccitation = {%%CITATION = ARXIV:1404.2246;%%},
	Title = {{Measurement of $\Upsilon(1S+2S+3S)$ production in $p+p$ and Au$+$Au collisions at $\sqrt{s_{_{NN}}}=200$ GeV}},
	Volume = {C91},
	Year = {2015},
	Bdsk-Url-1 = {http://dx.doi.org/10.1103/PhysRevC.91.024913}}

@article{Aidala:2014bqx,
	Archiveprefix = {arXiv},
	Author = {Aidala, C. and others},
	Collaboration = {PHENIX},
	Doi = {10.1103/PhysRevC.90.064908},
	Eprint = {1404.1873},
	Journal = {Phys. Rev.},
	Number = {6},
	Pages = {064908},
	Primaryclass = {nucl-ex},
	Slaccitation = {%%CITATION = ARXIV:1404.1873;%%},
	Title = {{Nuclear matter effects on $J/\psi$ production in asymmetric Cu+Au collisions at $\sqrt{s_{_{NN}}}$ = 200 GeV}},
	Volume = {C90},
	Year = {2014},
	Bdsk-Url-1 = {http://dx.doi.org/10.1103/PhysRevC.90.064908}}

@article{Abelev:2014pja,
	Archiveprefix = {arXiv},
	Author = {Abelev, Betty Bezverkhny and others},
	Collaboration = {ALICE},
	Doi = {10.1016/j.physletb.2014.10.034},
	Eprint = {1404.1194},
	Journal = {Phys. Lett.},
	Pages = {139-151},
	Primaryclass = {nucl-ex},
	Reportnumber = {CERN-PH-EP-2014-062, CERN-PH-EP-2014-062-ALICE-PUBLIC-2014-003, ALICE-PUBLIC-2014-003},
	Slaccitation = {%%CITATION = ARXIV:1404.1194;%%},
	Title = {{Freeze-out radii extracted from three-pion cumulants in pp, p--Pb and Pb--Pb collisions at the LHC}},
	Volume = {B739},
	Year = {2014},
	Bdsk-Url-1 = {http://dx.doi.org/10.1016/j.physletb.2014.10.034}}

@article{Abelev:2014qha,
	Archiveprefix = {arXiv},
	Author = {Abelev, Betty Bezverkhny and others},
	Collaboration = {ALICE},
	Doi = {10.1140/epjc/s10052-014-2974-4},
	Eprint = {1403.3648},
	Journal = {Eur. Phys. J.},
	Number = {8},
	Pages = {2974},
	Primaryclass = {nucl-ex},
	Reportnumber = {CERN-PH-EP-2014-042},
	Slaccitation = {%%CITATION = ARXIV:1403.3648;%%},
	Title = {{Measurement of quarkonium production at forward rapidity in $pp$ collisions at $\sqrt{s} = 7$ TeV}},
	Volume = {C74},
	Year = {2014},
	Bdsk-Url-1 = {http://dx.doi.org/10.1140/epjc/s10052-014-2974-4}}

@article{Adare:2014hsq,
	Archiveprefix = {arXiv},
	Author = {Adare, A. and others},
	Collaboration = {PHENIX},
	Doi = {10.1103/PhysRevD.90.012007},
	Eprint = {1402.6296},
	Journal = {Phys. Rev.},
	Number = {1},
	Pages = {012007},
	Primaryclass = {hep-ex},
	Slaccitation = {%%CITATION = ARXIV:1402.6296;%%},
	Title = {{Inclusive double-helicity asymmetries in neutral-pion and eta-meson production in $\vec{p}+\vec{p}$ collisions at $\sqrt{s}=200$ GeV}},
	Volume = {D90},
	Year = {2014},
	Bdsk-Url-1 = {http://dx.doi.org/10.1103/PhysRevD.90.012007}}

@article{Abelev:2014ffa,
	Archiveprefix = {arXiv},
	Author = {Abelev, Betty Bezverkhny and others},
	Collaboration = {ALICE},
	Doi = {10.1142/S0217751X14300440},
	Eprint = {1402.4476},
	Journal = {Int. J. Mod. Phys.},
	Pages = {1430044},
	Primaryclass = {nucl-ex},
	Reportnumber = {CERN-PH-EP-2014-031},
	Slaccitation = {%%CITATION = ARXIV:1402.4476;%%},
	Title = {{Performance of the ALICE Experiment at the CERN LHC}},
	Volume = {A29},
	Year = {2014},
	Bdsk-Url-1 = {http://dx.doi.org/10.1142/S0217751X14300440}}

@article{Adare:2014vax,
	Archiveprefix = {arXiv},
	Author = {Adare, A. and others},
	Collaboration = {PHENIX},
	Doi = {10.1103/PhysRevLett.112.222301},
	Eprint = {1401.7680},
	Journal = {Phys. Rev. Lett.},
	Number = {22},
	Pages = {222301},
	Primaryclass = {nucl-ex},
	Slaccitation = {%%CITATION = ARXIV:1401.7680;%%},
	Title = {{Azimuthal-angle dependence of charged-pion-interferometry measurements with respect to second- and third-order event planes in Au$+$Au collisions at $\sqrt{s_{_{NN}}}=200$ GeV}},
	Volume = {112},
	Year = {2014},
	Bdsk-Url-1 = {http://dx.doi.org/10.1103/PhysRevLett.112.222301}}

@article{Abelev:2014laa,
	Archiveprefix = {arXiv},
	Author = {Abelev, Betty Bezverkhny and others},
	Collaboration = {ALICE},
	Doi = {10.1016/j.physletb.2014.07.011},
	Eprint = {1401.1250},
	Journal = {Phys. Lett.},
	Pages = {196-207},
	Primaryclass = {nucl-ex},
	Reportnumber = {CERN-PH-EP-2013-230},
	Slaccitation = {%%CITATION = ARXIV:1401.1250;%%},
	Title = {{Production of charged pions, kaons and protons at large transverse momenta in pp and Pb--Pb collisions at $\sqrt{s_{\rm NN}}$ =2.76 TeV}},
	Volume = {B736},
	Year = {2014},
	Bdsk-Url-1 = {http://dx.doi.org/10.1016/j.physletb.2014.07.011}}

@article{Adler:2013aqf,
	Archiveprefix = {arXiv},
	Author = {Adler, S. S. and others},
	Collaboration = {PHENIX},
	Doi = {10.1103/PhysRevC.89.044905},
	Eprint = {1312.6676},
	Journal = {Phys. Rev.},
	Number = {4},
	Pages = {044905},
	Primaryclass = {nucl-ex},
	Slaccitation = {%%CITATION = ARXIV:1312.6676;%%},
	Title = {{Transverse-energy distributions at midrapidity in p+p , d+Au , and Au+Au collisions at $\sqrt{s_{NN}}=62.4--200$ GeV and implications for particle-production models}},
	Volume = {C89},
	Year = {2014},
	Bdsk-Url-1 = {http://dx.doi.org/10.1103/PhysRevC.89.044905}}

@article{Adare:2013ekj,
	Archiveprefix = {arXiv},
	Author = {Adare, A. and others},
	Collaboration = {PHENIX},
	Doi = {10.1103/PhysRevD.90.012006},
	Eprint = {1312.1995},
	Journal = {Phys. Rev.},
	Number = {1},
	Pages = {012006},
	Primaryclass = {hep-ex},
	Slaccitation = {%%CITATION = ARXIV:1312.1995;%%},
	Title = {{Measurement of transverse-single-spin asymmetries for midrapidity and forward-rapidity production of hadrons in polarized p+p collisions at $\sqrt{s}=$200 and 62.4 GeV}},
	Volume = {D90},
	Year = {2014},
	Bdsk-Url-1 = {http://dx.doi.org/10.1103/PhysRevD.90.012006}}

@article{Adare:2013xlp,
	Archiveprefix = {arXiv},
	Author = {Adare, A. and others},
	Collaboration = {PHENIX},
	Doi = {10.1103/PhysRevC.89.034915},
	Eprint = {1311.1427},
	Journal = {Phys. Rev.},
	Number = {3},
	Pages = {034915},
	Primaryclass = {nucl-ex},
	Slaccitation = {%%CITATION = ARXIV:1311.1427;%%},
	Title = {{Heavy-flavor electron-muon correlations in $p$$+$$p$ and $d$+Au collisions at $\sqrt{s_{_{NN}}}$ = 200 GeV}},
	Volume = {C89},
	Year = {2014},
	Bdsk-Url-1 = {http://dx.doi.org/10.1103/PhysRevC.89.034915}}

@article{Abelev:2013kqa,
	Archiveprefix = {arXiv},
	Author = {Abelev, B. and others},
	Collaboration = {ALICE},
	Doi = {10.1007/JHEP03(2014)013},
	Eprint = {1311.0633},
	Journal = {JHEP},
	Pages = {013},
	Primaryclass = {nucl-ex},
	Reportnumber = {CERN-PH-EP-2013-205},
	Slaccitation = {%%CITATION = ARXIV:1311.0633;%%},
	Title = {{Measurement of charged jet suppression in Pb-Pb collisions at $\sqrt{s_{NN}}$ = 2.76 TeV}},
	Volume = {03},
	Year = {2014},
	Bdsk-Url-1 = {http://dx.doi.org/10.1007/JHEP03(2014)013}}

@article{Abelev:2013ila,
	Archiveprefix = {arXiv},
	Author = {Abelev, Betty Bezverkhny and others},
	Collaboration = {ALICE},
	Doi = {10.1016/j.physletb.2014.05.064},
	Eprint = {1311.0214},
	Journal = {Phys. Lett.},
	Pages = {314-327},
	Primaryclass = {nucl-ex},
	Reportnumber = {CERN-PH-EP-2013-203},
	Slaccitation = {%%CITATION = ARXIV:1311.0214;%%},
	Title = {{Centrality, rapidity and transverse momentum dependence of $J/\psi$ suppression in Pb-Pb collisions at $\sqrt{s_{\rm NN}}$=2.76 TeV}},
	Volume = {B734},
	Year = {2014},
	Bdsk-Url-1 = {http://dx.doi.org/10.1016/j.physletb.2014.05.064}}

@article{Adare:2013yxp,
	Archiveprefix = {arXiv},
	Author = {Adare, A. and others},
	Collaboration = {PHENIX},
	Doi = {10.1103/PhysRevC.90.034903},
	Eprint = {1310.8286},
	Journal = {Phys. Rev.},
	Number = {3},
	Pages = {034903},
	Primaryclass = {nucl-ex},
	Slaccitation = {%%CITATION = ARXIV:1310.8286;%%},
	Title = {{System-size dependence of open-heavy-flavor production in nucleus-nucleus collisions at $\sqrt{s_{_{NN}}}$=200 GeV}},
	Volume = {C90},
	Year = {2014},
	Bdsk-Url-1 = {http://dx.doi.org/10.1103/PhysRevC.90.034903}}

@article{Abelev:2013pqa,
	Archiveprefix = {arXiv},
	Author = {Abelev, Betty Bezverkhny and others},
	Collaboration = {ALICE},
	Doi = {10.1103/PhysRevC.89.024911},
	Eprint = {1310.7808},
	Journal = {Phys. Rev.},
	Number = {2},
	Pages = {024911},
	Primaryclass = {nucl-ex},
	Reportnumber = {CERN-PH-EP-2013-201},
	Slaccitation = {%%CITATION = ARXIV:1310.7808;%%},
	Title = {{Two- and three-pion quantum statistics correlations in Pb-Pb collisions at $\sqrt{{s}_{NN}} =$ 2.76 TeV at the CERN Large Hadron Collider}},
	Volume = {C89},
	Year = {2014},
	Bdsk-Url-1 = {http://dx.doi.org/10.1103/PhysRevC.89.024911}}

@article{Adare:2013nff,
	Archiveprefix = {arXiv},
	Author = {Adare, A. and others},
	Collaboration = {PHENIX},
	Doi = {10.1103/PhysRevC.90.034902},
	Eprint = {1310.4793},
	Journal = {Phys. Rev.},
	Number = {3},
	Pages = {034902},
	Primaryclass = {nucl-ex},
	Slaccitation = {%%CITATION = ARXIV:1310.4793;%%},
	Title = {{Centrality categorization for R_{p(d)+A} in high-energy collisions}},
	Volume = {C90},
	Year = {2014},
	Bdsk-Url-1 = {http://dx.doi.org/10.1103/PhysRevC.90.034902}}

@article{Adare:2013lkk,
	Archiveprefix = {arXiv},
	Author = {Adare, A. and others},
	Collaboration = {PHENIX},
	Doi = {10.1103/PhysRevLett.112.252301},
	Eprint = {1310.1005},
	Journal = {Phys. Rev. Lett.},
	Number = {25},
	Pages = {252301},
	Primaryclass = {nucl-ex},
	Slaccitation = {%%CITATION = ARXIV:1310.1005;%%},
	Title = {{Cold-Nuclear-Matter Effects on Heavy-Quark Production at Forward and Backward Rapidity in d+Au Collisions at $\sqrt{s_{NN}}=200$  GeV}},
	Volume = {112},
	Year = {2014},
	Bdsk-Url-1 = {http://dx.doi.org/10.1103/PhysRevLett.112.252301}}

@article{Adare:2013wop,
	Archiveprefix = {arXiv},
	Author = {Adare, A. and others},
	Collaboration = {PHENIX},
	Doi = {10.1103/PhysRevC.88.064910},
	Eprint = {1309.4437},
	Journal = {Phys. Rev.},
	Number = {6},
	Pages = {064910},
	Primaryclass = {nucl-ex},
	Slaccitation = {%%CITATION = ARXIV:1309.4437;%%},
	Title = {{Azimuthal anisotropy of $\pi^0$ and $\eta$ mesons in Au + Au collisions at $\sqrt{{s}_{NN}} =$ 200 GeV}},
	Volume = {C88},
	Year = {2013},
	Bdsk-Url-1 = {http://dx.doi.org/10.1103/PhysRevC.88.064910}}

@article{Abelev:2013yxa,
	Archiveprefix = {arXiv},
	Author = {Abelev, Betty Bezverkhny and others},
	Collaboration = {ALICE},
	Doi = {10.1007/JHEP02(2014)073},
	Eprint = {1308.6726},
	Journal = {JHEP},
	Pages = {073},
	Primaryclass = {nucl-ex},
	Reportnumber = {CERN-PH-EP-2013-163, ALICE-PUBLIC-2013-002},
	Slaccitation = {%%CITATION = ARXIV:1308.6726;%%},
	Title = {{$J/\psi$ production and nuclear effects in p-Pb collisions at $\sqrt{S_{NN}}$ = 5.02 TeV}},
	Volume = {02},
	Year = {2014},
	Bdsk-Url-1 = {http://dx.doi.org/10.1007/JHEP02(2014)073}}

@article{Abelev:2013haa,
	Archiveprefix = {arXiv},
	Author = {Abelev, Betty Bezverkhny and others},
	Collaboration = {ALICE},
	Doi = {10.1016/j.physletb.2013.11.020},
	Eprint = {1307.6796},
	Journal = {Phys. Lett.},
	Pages = {25-38},
	Primaryclass = {nucl-ex},
	Reportnumber = {CERN-PH-EP-2013-135},
	Slaccitation = {%%CITATION = ARXIV:1307.6796;%%},
	Title = {{Multiplicity Dependence of Pion, Kaon, Proton and Lambda Production in p-Pb Collisions at $\sqrt{s_{NN}}$ = 5.02 TeV}},
	Volume = {B728},
	Year = {2014},
	Bdsk-Url-1 = {http://dx.doi.org/10.1016/j.physletb.2013.11.020}}

@article{ABELEV:2013zaa,
	Archiveprefix = {arXiv},
	Author = {Abelev, Betty Bezverkhny and others},
	Collaboration = {ALICE},
	Doi = {10.1016/j.physletb.2014.05.052, 10.1016/j.physletb.2013.11.048},
	Eprint = {1307.5543},
	Journal = {Phys. Lett.},
	Note = {[Erratum: Phys. Lett.B734,409(2014)]},
	Pages = {216-227},
	Primaryclass = {nucl-ex},
	Reportnumber = {CERN-PH-EP-2013-134},
	Slaccitation = {%%CITATION = ARXIV:1307.5543;%%},
	Title = {{Multi-strange baryon production at mid-rapidity in Pb-Pb collisions at $\sqrt{s_{NN}}$ = 2.76 TeV}},
	Volume = {B728},
	Year = {2014},
	Bdsk-Url-1 = {http://dx.doi.org/10.1016/j.physletb.2014.05.052,%2010.1016/j.physletb.2013.11.048}}

@article{Abelev:2013xaa,
	Archiveprefix = {arXiv},
	Author = {Abelev, Betty Bezverkhny and others},
	Collaboration = {ALICE},
	Doi = {10.1103/PhysRevLett.111.222301},
	Eprint = {1307.5530},
	Journal = {Phys. Rev. Lett.},
	Pages = {222301},
	Primaryclass = {nucl-ex},
	Reportnumber = {CERN-PH-EP-2013-132},
	Slaccitation = {%%CITATION = ARXIV:1307.5530;%%},
	Title = {{$K^0_S$ and $\Lambda$ production in Pb-Pb collisions at $\sqrt{s_{NN}}$ = 2.76 TeV}},
	Volume = {111},
	Year = {2013},
	Bdsk-Url-1 = {http://dx.doi.org/10.1103/PhysRevLett.111.222301}}

@article{ABELEV:2013wsa,
	Archiveprefix = {arXiv},
	Author = {Abelev, Betty Bezverkhny and others},
	Collaboration = {ALICE},
	Doi = {10.1016/j.physletb.2013.08.024},
	Eprint = {1307.3237},
	Journal = {Phys. Lett.},
	Pages = {164-177},
	Primaryclass = {nucl-ex},
	Reportnumber = {CERN-PH-EP-2013-115},
	Slaccitation = {%%CITATION = ARXIV:1307.3237;%%},
	Title = {{Long-range angular correlations of $\rm \pi$, K and p in p-Pb collisions at $\sqrt{s_{\rm NN}}$ = 5.02 TeV}},
	Volume = {B726},
	Year = {2013},
	Bdsk-Url-1 = {http://dx.doi.org/10.1016/j.physletb.2013.08.024}}

@article{Abelev:2013sqa,
	Archiveprefix = {arXiv},
	Author = {Abelev, Betty and others},
	Collaboration = {ALICE},
	Doi = {10.1007/JHEP09(2013)049},
	Eprint = {1307.1249},
	Journal = {JHEP},
	Pages = {049},
	Primaryclass = {nucl-ex},
	Reportnumber = {CERN-PH-EP-2013-107},
	Slaccitation = {%%CITATION = ARXIV:1307.1249;%%},
	Title = {{Multiplicity dependence of two-particle azimuthal correlations in pp collisions at the LHC}},
	Volume = {09},
	Year = {2013},
	Bdsk-Url-1 = {http://dx.doi.org/10.1007/JHEP09(2013)049}}

@article{Abelev:2013bla,
	Archiveprefix = {arXiv},
	Author = {Abelev, Betty Bezverkhny and others},
	Collaboration = {ALICE},
	Doi = {10.1016/j.physletb.2013.10.054},
	Eprint = {1307.1094},
	Journal = {Phys. Lett.},
	Pages = {371-380},
	Primaryclass = {nucl-ex},
	Reportnumber = {CERN-PH-EP-2013-111},
	Slaccitation = {%%CITATION = ARXIV:1307.1094;%%},
	Title = {{Multiplicity dependence of the average transverse momentum in pp, p-Pb, and Pb-Pb collisions at the LHC}},
	Volume = {B727},
	Year = {2013},
	Bdsk-Url-1 = {http://dx.doi.org/10.1016/j.physletb.2013.10.054}}

@article{Abelev:2013ala,
	Archiveprefix = {arXiv},
	Author = {Abelev, Betty Bezverkhny and others},
	Collaboration = {ALICE},
	Doi = {10.1140/epjc/s10052-013-2662-9},
	Eprint = {1307.1093},
	Journal = {Eur. Phys. J.},
	Number = {12},
	Pages = {2662},
	Primaryclass = {nucl-ex},
	Reportnumber = {CERN-PH-EP-2013-109},
	Slaccitation = {%%CITATION = ARXIV:1307.1093;%%},
	Title = {{Energy Dependence of the Transverse Momentum Distributions of Charged Particles in pp Collisions Measured by ALICE}},
	Volume = {C73},
	Year = {2013},
	Bdsk-Url-1 = {http://dx.doi.org/10.1140/epjc/s10052-013-2662-9}}

@article{Abelev:2013cva,
	Archiveprefix = {arXiv},
	Author = {Abelev, Betty and others},
	Collaboration = {ALICE},
	Doi = {10.1103/PhysRevLett.111.232302},
	Eprint = {1306.4145},
	Journal = {Phys. Rev. Lett.},
	Number = {23},
	Pages = {232302},
	Primaryclass = {nucl-ex},
	Reportnumber = {CERN-PH-EP-2013-100},
	Slaccitation = {%%CITATION = ARXIV:1306.4145;%%},
	Title = {{Directed Flow of Charged Particles at Midrapidity Relative to the Spectator Plane in Pb-Pb Collisions at $\sqrt{s_{NN}}$=2.76 TeV}},
	Volume = {111},
	Year = {2013},
	Bdsk-Url-1 = {http://dx.doi.org/10.1103/PhysRevLett.111.232302}}

@article{Abbas:2013taa,
	Archiveprefix = {arXiv},
	Author = {Abbas, E. and others},
	Collaboration = {ALICE},
	Doi = {10.1088/1748-0221/8/10/P10016},
	Eprint = {1306.3130},
	Journal = {JINST},
	Pages = {P10016},
	Primaryclass = {nucl-ex},
	Reportnumber = {CERN-PH-EP-2013-082},
	Slaccitation = {%%CITATION = ARXIV:1306.3130;%%},
	Title = {{Performance of the ALICE VZERO system}},
	Volume = {8},
	Year = {2013},
	Bdsk-Url-1 = {http://dx.doi.org/10.1088/1748-0221/8/10/P10016}}

@article{Adare:2013ezl,
	Archiveprefix = {arXiv},
	Author = {Adare, A. and others},
	Collaboration = {PHENIX},
	Doi = {10.1103/PhysRevLett.111.202301},
	Eprint = {1305.5516},
	Journal = {Phys. Rev. Lett.},
	Number = {20},
	Pages = {202301},
	Primaryclass = {nucl-ex},
	Slaccitation = {%%CITATION = ARXIV:1305.5516;%%},
	Title = {{Nuclear Modification of $ψ′, χ_c$, and J/ψ Production in d+Au Collisions at $\sqrt{s_{NN}}$=200  GeV}},
	Volume = {111},
	Year = {2013},
	Bdsk-Url-1 = {http://dx.doi.org/10.1103/PhysRevLett.111.202301}}

@article{Abelev:2013lca,
	Archiveprefix = {arXiv},
	Author = {Abelev, B. and others},
	Collaboration = {ALICE},
	Doi = {10.1103/PhysRevLett.111.102301},
	Eprint = {1305.2707},
	Journal = {Phys. Rev. Lett.},
	Pages = {102301},
	Primaryclass = {nucl-ex},
	Reportnumber = {CERN-PH-EP-2013-085},
	Slaccitation = {%%CITATION = ARXIV:1305.2707;%%},
	Title = {{D meson elliptic flow in non-central Pb-Pb collisions at $\sqrt{s_{\rm NN}}$ = 2.76TeV}},
	Volume = {111},
	Year = {2013},
	Bdsk-Url-1 = {http://dx.doi.org/10.1103/PhysRevLett.111.102301}}

@article{Abbas:2013rua,
	Archiveprefix = {arXiv},
	Author = {Abbas, E. and others},
	Collaboration = {ALICE},
	Doi = {10.1140/epjc/s10052-013-2496-5},
	Eprint = {1305.1562},
	Journal = {Eur. Phys. J.},
	Pages = {2496},
	Primaryclass = {nucl-ex},
	Reportnumber = {CERN-PH-EP-2013-080},
	Slaccitation = {%%CITATION = ARXIV:1305.1562;%%},
	Title = {{Mid-rapidity anti-baryon to baryon ratios in pp collisions at $\sqrt{s}$ = 0.9, 2.76 and 7 TeV measured by ALICE}},
	Volume = {C73},
	Year = {2013},
	Bdsk-Url-1 = {http://dx.doi.org/10.1140/epjc/s10052-013-2496-5}}

@article{Abbas:2013oua,
	Archiveprefix = {arXiv},
	Author = {Abbas, E. and others},
	Collaboration = {ALICE},
	Doi = {10.1140/epjc/s10052-013-2617-1},
	Eprint = {1305.1467},
	Journal = {Eur. Phys. J.},
	Number = {11},
	Pages = {2617},
	Primaryclass = {nucl-ex},
	Reportnumber = {CERN-PH-EP-2013-066},
	Slaccitation = {%%CITATION = ARXIV:1305.1467;%%},
	Title = {{Charmonium and $e^+e^-$ pair photoproduction at mid-rapidity in ultra-peripheral Pb-Pb collisions at $\sqrt{s_{\rm NN}}$=2.76 TeV}},
	Volume = {C73},
	Year = {2013},
	Bdsk-Url-1 = {http://dx.doi.org/10.1140/epjc/s10052-013-2617-1}}

@article{Adare:2013esx,
	Archiveprefix = {arXiv},
	Author = {Adare, A. and others},
	Collaboration = {PHENIX},
	Doi = {10.1103/PhysRevC.88.024906},
	Eprint = {1304.3410},
	Journal = {Phys. Rev.},
	Number = {2},
	Pages = {024906},
	Primaryclass = {nucl-ex},
	Slaccitation = {%%CITATION = ARXIV:1304.3410;%%},
	Title = {{Spectra and ratios of identified particles in Au+Au and $d$+Au collisions at $\sqrt{s_{NN}}=200$ GeV}},
	Volume = {C88},
	Year = {2013},
	Bdsk-Url-1 = {http://dx.doi.org/10.1103/PhysRevC.88.024906}}

@article{Abbas:2013bpa,
	Archiveprefix = {arXiv},
	Author = {Abbas, Ehab and others},
	Collaboration = {ALICE},
	Doi = {10.1016/j.physletb.2013.09.022},
	Eprint = {1304.0347},
	Journal = {Phys. Lett.},
	Pages = {610-622},
	Primaryclass = {nucl-ex},
	Reportnumber = {CERN-PH-EP-2013-045},
	Slaccitation = {%%CITATION = ARXIV:1304.0347;%%},
	Title = {{Centrality dependence of the pseudorapidity density distribution for charged particles in Pb-Pb collisions at $\sqrt{s_{\rm NN}}$ = 2.76 TeV}},
	Volume = {B726},
	Year = {2013},
	Bdsk-Url-1 = {http://dx.doi.org/10.1016/j.physletb.2013.09.022}}

@article{ALICE:2013xna,
	Archiveprefix = {arXiv},
	Author = {Abbas, Ehab and others},
	Collaboration = {ALICE},
	Doi = {10.1103/PhysRevLett.111.162301},
	Eprint = {1303.5880},
	Journal = {Phys. Rev. Lett.},
	Pages = {162301},
	Primaryclass = {nucl-ex},
	Reportnumber = {CERN-PH-EP-2013-042},
	Slaccitation = {%%CITATION = ARXIV:1303.5880;%%},
	Title = {{J/Psi Elliptic Flow in Pb-Pb Collisions at $\sqrt{s_{\rm NN}}$ = 2.76 TeV}},
	Volume = {111},
	Year = {2013},
	Bdsk-Url-1 = {http://dx.doi.org/10.1103/PhysRevLett.111.162301}}

@article{Adare:2013piz,
	Archiveprefix = {arXiv},
	Author = {Adare, A. and others},
	Collaboration = {PHENIX},
	Doi = {10.1103/PhysRevLett.111.212301},
	Eprint = {1303.1794},
	Journal = {Phys. Rev. Lett.},
	Number = {21},
	Pages = {212301},
	Primaryclass = {nucl-ex},
	Slaccitation = {%%CITATION = ARXIV:1303.1794;%%},
	Title = {{Quadrupole Anisotropy in Dihadron Azimuthal Correlations in Central $d$$+$Au Collisions at $\sqrt{s_{_{NN}}}$=200 GeV}},
	Volume = {111},
	Year = {2013},
	Bdsk-Url-1 = {http://dx.doi.org/10.1103/PhysRevLett.111.212301}}

@article{Abelev:2013vea,
	Archiveprefix = {arXiv},
	Author = {Abelev, Betty and others},
	Collaboration = {ALICE},
	Doi = {10.1103/PhysRevC.88.044910},
	Eprint = {1303.0737},
	Journal = {Phys. Rev.},
	Pages = {044910},
	Primaryclass = {hep-ex},
	Reportnumber = {CERN-PH-EP-2013-019},
	Slaccitation = {%%CITATION = ARXIV:1303.0737;%%},
	Title = {{Centrality dependence of $\pi$, K, p production in Pb-Pb collisions at $\sqrt{s_{NN}}$ = 2.76 TeV}},
	Volume = {C88},
	Year = {2013},
	Bdsk-Url-1 = {http://dx.doi.org/10.1103/PhysRevC.88.044910}}

@article{Abelev:2013qoq,
	Archiveprefix = {arXiv},
	Author = {Abelev, Betty and others},
	Collaboration = {ALICE},
	Doi = {10.1103/PhysRevC.88.044909},
	Eprint = {1301.4361},
	Journal = {Phys. Rev.},
	Number = {4},
	Pages = {044909},
	Primaryclass = {nucl-ex},
	Reportnumber = {CERN-PH-EP-2012-368},
	Slaccitation = {%%CITATION = ARXIV:1301.4361;%%},
	Title = {{Centrality determination of Pb-Pb collisions at $\sqrt{s_{NN}}$ = 2.76 TeV with ALICE}},
	Volume = {C88},
	Year = {2013},
	Bdsk-Url-1 = {http://dx.doi.org/10.1103/PhysRevC.88.044909}}

@article{Abelev:2013csa,
	Archiveprefix = {arXiv},
	Author = {Abelev, Betty and others},
	Collaboration = {ALICE},
	Doi = {10.1016/j.physletb.2013.05.039},
	Eprint = {1301.3756},
	Journal = {Phys. Lett.},
	Pages = {267-279},
	Primaryclass = {nucl-ex},
	Reportnumber = {CERN-PH-EP-2012-371},
	Slaccitation = {%%CITATION = ARXIV:1301.3756;%%},
	Title = {{Charge correlations using the balance function in Pb-Pb collisions at $\sqrt{s_{NN}}$ = 2.76 TeV}},
	Volume = {B723},
	Year = {2013},
	Bdsk-Url-1 = {http://dx.doi.org/10.1016/j.physletb.2013.05.039}}

@article{Abelev:2013fn,
	Archiveprefix = {arXiv},
	Author = {Abelev, B. and others},
	Collaboration = {ALICE},
	Doi = {10.1016/j.physletb.2013.04.026},
	Eprint = {1301.3475},
	Journal = {Phys. Lett.},
	Pages = {262-272},
	Primaryclass = {nucl-ex},
	Reportnumber = {CERN-PH-EP-2012-301},
	Slaccitation = {%%CITATION = ARXIV:1301.3475;%%},
	Title = {{Measurement of the inclusive differential jet cross section in $pp$ collisions at $\sqrt{s} = 2.76$ TeV}},
	Volume = {B722},
	Year = {2013},
	Bdsk-Url-1 = {http://dx.doi.org/10.1016/j.physletb.2013.04.026}}

@article{Adare:2012qi,
	Archiveprefix = {arXiv},
	Author = {Adare, A. and others},
	Collaboration = {PHENIX},
	Doi = {10.1103/PhysRevLett.111.032301},
	Eprint = {1212.3323},
	Journal = {Phys. Rev. Lett.},
	Number = {3},
	Pages = {032301},
	Primaryclass = {nucl-ex},
	Slaccitation = {%%CITATION = ARXIV:1212.3323;%%},
	Title = {{Medium modification of jet fragmentation in Au + Au collisions at $\sqrt{s_{NN}}= 200$ GeV measured in direct photon-hadron correlations}},
	Volume = {111},
	Year = {2013},
	Bdsk-Url-1 = {http://dx.doi.org/10.1103/PhysRevLett.111.032301}}

@article{Abelev:2012ola,
	Archiveprefix = {arXiv},
	Author = {Abelev, Betty and others},
	Collaboration = {ALICE},
	Doi = {10.1016/j.physletb.2013.01.012},
	Eprint = {1212.2001},
	Journal = {Phys. Lett.},
	Pages = {29-41},
	Primaryclass = {nucl-ex},
	Reportnumber = {CERN-PH-EP-2012-359},
	Slaccitation = {%%CITATION = ARXIV:1212.2001;%%},
	Title = {{Long-range angular correlations on the near and away side in $p$-Pb collisions at $\sqrt{s_{NN}}=5.02$ TeV}},
	Volume = {B719},
	Year = {2013},
	Bdsk-Url-1 = {http://dx.doi.org/10.1016/j.physletb.2013.01.012}}

@article{ALICE:2012mj,
	Archiveprefix = {arXiv},
	Author = {Abelev, Betty and others},
	Collaboration = {ALICE},
	Doi = {10.1103/PhysRevLett.110.082302},
	Eprint = {1210.4520},
	Journal = {Phys. Rev. Lett.},
	Number = {8},
	Pages = {082302},
	Primaryclass = {nucl-ex},
	Reportnumber = {CERN-PH-EP-2012-306},
	Slaccitation = {%%CITATION = ARXIV:1210.4520;%%},
	Title = {{Transverse momentum distribution and nuclear modification factor of charged particles in $p$-Pb collisions at $\sqrt{s_{NN}}=5.02$ TeV}},
	Volume = {110},
	Year = {2013},
	Bdsk-Url-1 = {http://dx.doi.org/10.1103/PhysRevLett.110.082302}}

@article{Abelev:2012ba,
	Archiveprefix = {arXiv},
	Author = {Abelev, Betty and others},
	Collaboration = {ALICE},
	Doi = {10.1016/j.physletb.2012.11.059},
	Eprint = {1209.3715},
	Journal = {Phys. Lett.},
	Pages = {1273-1283},
	Primaryclass = {nucl-ex},
	Reportnumber = {CERN-PH-EP-2012-270},
	Slaccitation = {%%CITATION = ARXIV:1209.3715;%%},
	Title = {{Coherent $J/\psi$ photoproduction in ultra-peripheral Pb-Pb collisions at $\sqrt{s_{NN}} = 2.76$ TeV}},
	Volume = {B718},
	Year = {2013},
	Bdsk-Url-1 = {http://dx.doi.org/10.1016/j.physletb.2012.11.059}}

@article{Adare:2012vw,
	Archiveprefix = {arXiv},
	Author = {Adare, A. and others},
	Collaboration = {PHENIX},
	Doi = {10.1103/PhysRevD.88.032006},
	Eprint = {1209.3283},
	Journal = {Phys. Rev.},
	Number = {3},
	Pages = {032006},
	Primaryclass = {nucl-ex},
	Slaccitation = {%%CITATION = ARXIV:1209.3283;%%},
	Title = {{Inclusive cross section and single transverse spin asymmetry for very forward neutron production in polarized p+p collisions at s=200  GeV}},
	Volume = {D88},
	Year = {2013},
	Bdsk-Url-1 = {http://dx.doi.org/10.1103/PhysRevD.88.032006}}

@article{Abelev:2012hxa,
	Archiveprefix = {arXiv},
	Author = {Abelev, Betty and others},
	Collaboration = {ALICE},
	Doi = {10.1016/j.physletb.2013.01.051},
	Eprint = {1208.2711},
	Journal = {Phys. Lett.},
	Pages = {52-62},
	Primaryclass = {hep-ex},
	Slaccitation = {%%CITATION = ARXIV:1208.2711;%%},
	Title = {{Centrality Dependence of Charged Particle Production at Large Transverse Momentum in Pb--Pb Collisions at $\sqrt{s_{\rm{NN}}} = 2.76$ TeV}},
	Volume = {B720},
	Year = {2013},
	Bdsk-Url-1 = {http://dx.doi.org/10.1016/j.physletb.2013.01.051}}

@article{Adare:2012wg,
	Archiveprefix = {arXiv},
	Author = {Adare, A. and others},
	Collaboration = {PHENIX},
	Doi = {10.1103/PhysRevC.87.034911},
	Eprint = {1208.2254},
	Journal = {Phys. Rev.},
	Number = {3},
	Pages = {034911},
	Primaryclass = {nucl-ex},
	Slaccitation = {%%CITATION = ARXIV:1208.2254;%%},
	Title = {{Neutral pion production with respect to centrality and reaction plane in Au$+$Au collisions at $\sqrt{s_{NN}}$=200 GeV}},
	Volume = {C87},
	Year = {2013},
	Bdsk-Url-1 = {http://dx.doi.org/10.1103/PhysRevC.87.034911}}

@article{Adare:2012qf,
	Archiveprefix = {arXiv},
	Author = {Adare, A. and others},
	Collaboration = {PHENIX},
	Doi = {10.1103/PhysRevC.87.034904},
	Eprint = {1204.0777},
	Journal = {Phys. Rev.},
	Number = {3},
	Pages = {034904},
	Primaryclass = {nucl-ex},
	Slaccitation = {%%CITATION = ARXIV:1204.0777;%%},
	Title = {{Transverse-Momentum Dependence of the $J/\psi$ Nuclear Modification in $d+$Au Collisions at $\sqrt{s_{NN}}=200$ GeV}},
	Volume = {C87},
	Year = {2013},
	Bdsk-Url-1 = {http://dx.doi.org/10.1103/PhysRevC.87.034904}}
